2954 5136
612 270 833 333 -29-

139 465 294 530 Rinckius
318 465 449 550 (proleg.
473 466 513 529 ad
530 465 649 529 Aemil:
661 463 753 528 Prob.
778 465 839 529 edt.
856 463 951 527 Roth.
968 485 999 546 p.
1017 455 1305 542 5411111111-

140 572 244 638 balem
266 573 439 656 posteriore
462 576 605 657 tempore
628 564 842 655 compositum
861 593 924 634 esse
940 567 1100 650 iudicavit,
1117 589 1180 650 quo
1196 564 1305 649 Nepo-
1337 597 1339 600 ·

139 680 183 744 tis
206 678 292 743 istud
314 678 467 763 scriptum
490 677 528 742 de
550 678 731 742 Hannibale
754 700 808 743 seu
831 676 981 742 Marcello
1005 697 1069 739 uon
1093 673 1229 757 amplius
1252 694 1305 735 ex·

138 785 281 850 stitisset.
333 785 405 850 Jam
452 785 578 872 dimisso
616 785 713 870 igitur
750 784 879 868 Hygino
913 784 952 847 in'
980 782 1054 866 ipsis
1092 803 1159 864 cap.
1195 777 1307 841 XVIII

84 924 87 929 ·
140 897 173 957 et
194 888 272 957 XIX
295 892 434 977 Ampelii
457 897 489 957 et
510 893 544 956 in
568 893 703 957 auctoris
726 891 828 956 nostri
841 891 923 955 libro
940 888 1074 973 Nepotis
1091 886 1223 972 vestigia
1239 887 1304 949 col-

139 1000 293 1082 ligamus!
325 999 411 1065 Haec
433 1000 534 1085 igitur
556 1000 722 1083 leguntur:

225 1141 302 1211 apud
320 1141 473 1210 Ampelisca
492 1142 576 1196 XIX.
595 1145 620 1198 8.
807 1140 882 1209 opud
901 1135 1031 1206 Nepotem
1049 1140 1121 1202 (Cot.
1140 1137 1180 1190 Π.
1199 1136 1243 1199 41

145 1232 153 1255 l
176 1229 244 1284 Cato
264 1231 417 1295 Censorius,
437 1228 602 1297 qui'totiens
626 1246 703 1285 acen·
775 1229 884 1285 circiter
902 1226 1004 1281 LXXX
1017 1241 1101 1279 annos
1114 1239 1198 1291 usque
1212 1222 1246 1276 ad
1259 1238 1304 1276 ex·

138 1323 215 1384 satus
227 1324 307 1374 estet
319 1335 370 1386 quo
381 1318 489 1386 advixit,
500 1319 651 1372 innocentis
661 1334 705 1383 ae,
740 1326 856 1373 tremum
874 1318 909 1373 ab
928 1315 1114 1370 adulescentia
1128 1314 1168 1368 rei
1181 1312 1305 1380 publicae

141 1421 235 1462 cusare
252 1423 306 1460 non
326 1407 438 1462 destitit.
468 1408 522 1462 Hic
533 1413 575 1462 111
587 1407 704 1462 omnium
740 1423 836 1461 caussa
855 1406 992 1472 suscipere
1014 1403 1169 1481 inimicitias
1187 1417 1243 1456 111
1259 1400 1301 1455 de·

139 1511 231 1564 rerum
249 1496 425 1564 peritissimus
452 1501 492 1564 et,
519 1503 550 1550 ut
575 1495 704 1551 Sallustio
739 1497 819 1562 stitit3
841 1494 962 1549 amultis
982 1497 1128 1559 temptatus
1155 1506 1208 1544 non
1227 1488 1305 1542 modo

141 1584 236 1652 Crispo
249 1584 360 1652 videtur,
370 1585 485 1640 Romani
498 1585 605 1654 generis
619 1584 704 1639 diser·
739 1585 841 1638 nullum
876 1583 1065 1638 detrimentum
1097 1578 1305 1635 existimationis

141 1673 271 1728 tissimus.
740 1674 812 1738 fecit,
825 1672 871 1727 sed
883 1673 971 1742 quoad
986 1673 1063 1739 aicit,
1076 1671 1206 1725 virtutum
1223 1667 1304 1722 laude

740 1763 830 1816 crevit.
855 1762 896 1816 III
914 1763 950 1815 Ia
968 1761 1090 1814 11111111
1113 1759 1191 1814 rebus
1214 1757 1304 1825 singu·

740 1851 791 1906 lari
807 1849 859 1905 fuit
876 1849 1024 1914 industria;
1049 1864 1113 1902 nam
1138 1853 1166 1902 et
1188 1845 1305 1916 agricola

741 1939 837 1996 sollers
855 1945 884 1993 et
900 1939 941 1993 rei
958 1938 1084 2008 publicae
1100 1937 1203 2008 peritus
1222 1935 1302 1988 iuris-

741 2029 880 2082 consultus
908 2033 936 2082 et
954 2043 1077 2095 ⁴magnus
1104 2026 1254 2093 imperator
1278 2029 1306 2078 et

740 2117 889 2184 probabilis
907 2123 1000 2171 orator
1018 2100 1049 2170 et¹
1060 2115 1250 2184 cupidissimus
1260 2113 1305 2167 lit-

740 2211 860 2260 terarum
879 2203 938 2259 fuit.
978 2205 1096 2272 Quarum
1115 2204 1233 2258 studium
1255 2201 1306 2259 etsi

721 2220 724 2362 l
741 2294 829 2350 senior
848 2296 1010 2363 arripuerat,
1029 2300 1120 2348 tamen
1139 2300 1188 2348 etc.

119 2421 121 2425 ’
228 2419 304 2486 Nou
327 2423 431 2506 plura,
446 2443 549 2507 ⁸qnam
571 2422 650 2486 haec
672 2420 741 2505 ipsa
764 2422 859 2485 verba
881 2420 1037 2504 Ampelii:
1071 2420 1304 2504 »1101111131-

139 2527 224 2591 neris
248 2529 488 2593 disertissimus«
512 2552 550 2593 ex
573 2526 724 2593 Sallustio
747 2529 925 2603 fluxerunt;
960 2550 1035 2590 uam
1057 2527 1091 2590 in
1114 2527 1305 2610 fragmentis

141 2633 284 2706 Sallustii
306 2635 512 2700 historiarum
537 2635 636 2719 (apud
659 2634 856 2699 Dietschium
880 2632 954 2698 Sall.
978 2633 1051 2699 hist.
1082 2634 1197 2719 fragm.
1221 2633 1304 2715 La)

140 2742 250 2805 eadem
272 2741 476 2806 inveniuntur
498 2764 598 2825 eoque
619 2742 698 2821 loco,
723 2763 785 2824 quo
808 2742 926 2805 nonde
942 2741 1081 2805 moribus
1097 2740 1305 2822 doctrinaque
1341 2723 1343 2729 ,

140 2846 277 2941 Catonis,
301 2849 354 2913 sed
378 2848 415 2912 de
438 2848 550 2932 genere
573 2849 737 2927 sermonis,
760 2870 823 2932 quo
839 2870 913 2911 usus
936 2847 989 2911 ille
1004 2847 1055 2926 sit,
1073 2848 1126 2931 agi
1141 2850 1303 2931 appareat.
1362 2865 1368 2870 ·

140 2954 250 3020 Cetera
284 2956 381 3041 igitur
415 2955 455 3019 ad
478 2955 635 3039 Nepotem
664 2954 831 3020 ,referenda
866 2958 950 3019 sunt.
977 2991 1018 3002 --
1041 2952 1159 3023 Noster
1195 2956 1302 3016 autem

141 3065 252 3126 auctor
281 3067 391 3146 aperte
425 3085 462 3126 11
490 3060 619 3127 Catonis
653 3063 735 3142 vita,
770 3084 864 3146 quam
897 3060 1003 3144 Nepos
1033 3061 1100 3144 ipse
1129 3048 1323 3142 composuit⁸
1404 3049 1407 3060 ’

141 3169 291 3252 cuiusque
306 3171 464 3254 epitomen
476 3168 640 3253 Ampelius
658 3169 822 3252 excerpsit,
832 3172 914 3231 'usus
930 3171 994 3244 est,
1020 3165 1116 3230 Plinii
1130 3166 1213 3230 euim
1229 3166 1305 3230 haec

141 3277 235 3340 verba
263 3272 443 3360 (hist-nat.
467 3275 539 3339 VII.
563 3277 619 3354 28)
656 3273 753 3339 »Cato
788 3275 908 3359 primus
942 3257 1078 3338 Porciae¹
1103 3274 1208 3358 gentis
1242 3277 1305 3338 1111

140 3404 278 3446 summas
300 3384 334 3446 in
358 3383 484 3447 homine
507 3406 555 3447 res
578 3383 771 3467 praest'tisse
795 3381 1002 3459 existimatus,
1018 3384 1056 3445 ut
1071 3383 1151 3445 11111
1167 3382 1304 3459 optimus
1326 3358 1334 3371 ⁸

140 3495 258 3568 orator,
283 3492 418 3571 optimus
440 3492 624 3572 imperator,
654 3490 789 3568 optimus
810 3494 932 3554 senaar
955 3489 1128 3571 —itaque
1159 3488 1201 3552 sit
1231 3509 1303 3570 pro-

139 3597 244 3681 prium
261 3595 397 3684 Catonis,
423 3594 535 3679 quater
559 3601 591 3660 11
607 3597 795 3682 quadragies
819 3618 960 3660 caussam
983 3595 1097 3659 dixisse
1120 3615 1304 3676 1111111111-

139 3725 235 3787 quam
257 3705 380 3788 saepius
403 3706 597 3788 postulatum
622 3710 654 3769 et
677 3725 799 3788 semper
828 3703 1026 3767 absolutum«
1060 3724 1131 3765 cum
1161 3701 1216 3765 illo
1240 3698 1303 3764 Ne-

139 3810 221 3892 potis
244 3811 323 3888 loco,
348 3832 441 3893 quem
464 3833 558 3894 supra
582 3811 754 3889 attulimus,
779 3814 847 3874 tam
870 3810 963 3894 plane
987 3809 1174 3887 concinunt,
1206 3811 1242 3872 ut
1265 3831 1303 3873 ex

138 3914 262 4000 Nepote
285 3918 341 3982 illa
363 3918 490 3982 fluxisse
512 3917 715 3982 manifestum
738 3918 795 3990 sit3
821 3918 950 4000 insuper
972 3917 1007 3979 in
1031 3917 1177 4000 catalogo
1194 3920 1303 3980 aucto·

137 4046 218 4103 rum,
243 4023 357 4108 quibus
381 4025 415 4088 in
437 4025 517 4088 libro
540 4012 604 4088 VII
627 4047 684 4109 pro
705 4024 847 4088 'fontibus
869 4010 1002 4088 Plinius*
1015 4045 1089 4087 usus
1112 4027 1173 4102 est,
1197 4021 1304 4106 Nepos

138 4134 411 4196 commemoratur.
447 4130 588 4196 'Praeter
610 4131 749 4197 Plinium
766 4114 877 4196 ‘autem
901 4130 985 4196 solus
1008 4133 1117 4195 auctor
1133 4131 1169 4194 de
1185 4130 1242 4194 vir.
1258 4130 1303 4196 ill.

137 4238 328 4323 duodecies
351 4245 460 4322 quater
475 4236 626 4302 Catonem
651 4261 791 4303 caussam
815 4237 927 4303 dixisse
943 4237 1078 4315 rettulit,
1103 4259 1165 4319 qua
1181 4259 1303 4302 recum

135 4345 241 4443 ipsum
279 4368 317 4411 ex
355 4327 479 4431 Nepote
518 4367 576 4410 sua
613 4347 750 4412 hausisse
791 4350 881 4430 patet
923 4345 992 4438 (cfr.
1022 4345 1116 4436 ΙΡ1111.
1156 4345 1223 4410 Oet.
1264 4345 1302 4408 15
