2954 5136
715 208 937 271 ,28-

241 407 346 491 capita
373 428 411 470 ex
434 403 566 490 Nepotis
589 409 622 470 et
645 405 775 469 alterius
797 403 958 488 scriptoris
987 403 1063 466 loeis
1086 401 1299 486 composuisse
1323 399 1418 465 nobis

45 514 84 591 ,“
153 586 156 593 ,
209 592 216 603 Ἰ
239 509 520 596 persuadebimus?
550 511 651 591 ,Quam
675 512 715 576 ad
736 510 931 587 sententiam
954 530 1005 573 eos
1028 509 1174 574 accedere
1197 529 1327 572 neeesse
1357 510 1415 584 est,

240 619 295 702 qui
323 618 554 683 Woelfflinium
584 618 684 699 seouti
713 640 777 681 non
807 617 846 681 ad
879 615 1058 680 Cornelium
1088 615 1258 699 Nepotem,
1289 614 1348 678 sed
1377 613 1417 676 ad

130 778 133 785 .
238 725 359 790 Julium
386 724 550 809 Hyginum
586 724 686 788 nostri
716 723 853 788 auctoris
885 723 1001 786 librum
1023 721 1215 786 rettulerint.
1245 720 1428 807 Ampelius

239 833 322 895 enim
352 831 433 915 (cap
465 828 635 915 XXVHI),
677 833 713 893 ut
749 851 845 913 supra
879 824 1035 906 diximus,
1062 828 1181 893 eodem
1202 848 1317 906 errore,
1352 847 1416 910 quo

240 941 350 1002 auotor
370 939 408 1003 de
423 938 480 1002 uir.
496 939 541 1002 ill.
559 940 671 1021 eaptus
684 935 865 1001 Samnitum
880 936 971 999 illum
994 935 1104 999 duoem
1119 934 1269 998 Pontium
1291 932 1416 997 Telesi-

238 1068 316 1128 num
346 1067 404 1130 pro
426 1044 540 1108 Pontio
576 1043 748 1128 appellavit
777 1043 904 1125 eiusque
936 1041 1092 1106 nonnulla
1111 1042 1185 1125 alia
1214 1041 1311 1104 verba
1342 1061 1415 1103 oum

239 1156 366 1216 auctore
392 1132 508 1216 nostro'
523 1171 651 1234 prorsus
675 1150 847 1214 concinunt
871 1147 941 1231 (ofr.
970 1154 1048 1212 anot.
1078 1147 1116 1212 de
1138 1150 1197 1213 eir.
1221 1145 1268 1212 ill.
1293 1148 1348 1210 35.
1374 1146 1414 1210 ad

240 1260 421 1324 vicesimum
433 1259 473 1322 ab
486 1257 562 1321 urbe
577 1256 713 1340 lapidem
736 1260 845 1319 eastra.
861 1256 985 1338 posuit3
1004 1291 1043 1299 —-
1065 1253 1195 1319 allusio
1216 1258 1249 1317 et
1264 1251 1414 1317 Fabricio

239 1347 421 1449 superatus3
445 1363 569 1442 Autaei.
594 1363 632 1426 ad
656 1362 838 1426 vicesimum
862 1363 902 1426 ab
926 1363 1003 1425 urbe
1017 1361 1155 1446 lapidem
1168 1361 1321 1444 pervenit,
1338 1380 1414 1423 mox

165 1530 168 1536 .
239 1496 259 1537 a
282 1471 376 1536 Curio
403 1475 435 1537 et
459 1471 602 1563 Fabricio
625 1457 759 1552 vietus);
784 1469 838 1533 sed
860 1470 926 1548 illa,
950 1469 1086 1550 quaein
1109 1468 1217 1533 eodem
1241 1468 1349 1551 eapite
1374 1467 1413 1532 de

239 1579 421 1643 Hannibale
444 1581 634 1655 narrantur,
661 1579 769 1660 aperte
792 1599 831 1639 ex
852 1574 977 1659 Nepote
1006 1576 1167 1639 fluxerunt
1190 1573 1259 1651 (ofr.
1282 1567 1412 1654 Ampel.

239 1687 344 1750 minor
374 1707 530 1748 annorum
562 1680 654 1746 XXV
684 1682 855 1765 imperator
881 1681 984 1746 faetus
1017 1681 1153 1745 triennio
1187 1681 1221 1744 in
1249 1678 1415 1763 Hispania

238 1793 315 1857 vioit
338 1796 371 1857 et
401 1791 560 1855 eversione
591 1787 726 1874 Sagunti
756 1792 850 1872 rupto
883 1788 1028 1866 foedera
1063 1789 1168 1871 Nepos
1197 1787 1339 1852 Hannib.
1377 1789 1413 1851 3:

238 1900 342 1963 minor
360 1897 455 1961 XXV
478 1897 569 1961 annis
591 1901 685 1960 natus
708 1896 878 1980 imperator
902 1895 1009 1959 faetus
1026 1896 1169 1980 proximo
1185 1874 1324 1958 triennio
1342 1916 1415 1957 om·

116 2020 122 2029 *
175 2035 178 2045 ¹
238 2028 294 2070 nes
317 2010 427 2091 gentes
451 1996 623 2087 Hispaniae
646 2002 729 2068 bello
752 2003 886 2088 subegit,
913 2001 1090 2087 Saguntum
1116 2002 1308 2067 foederatam
1332 2000 1415 2064 eivi-

238 2116 339 2177 tatem
353 2112 383 2175 vi
399 2111 594 2195 expugnauit
606 2147 648 2156 -—
661 2132 719 2193 pro
746 2109 959 2173 »Liternium«
978 2112 1083 2172 autem
1106 2108 1155 2172 vel
1173 2106 1416 2184 »Listernum«,

238 2240 320 2302 quae
342 2219 492 2283 lectiones
515 2218 550 2280 in
573 2217 678 2281 oodioe
701 2215 884 2281 Monacensi
908 2219 1042 2293 exstant,
1067 2215 1135 2278 sine
1159 2214 1253 2278 dubio
1272 2212 1414 2278 »Clasti-

239 2325 345 2389 diums
370 2325 434 2410 legi
456 2322 572 2405 debet).
618 2323 699 2399 Quid
722 2323 821 2408 igitur
842 2345 916 2387 uero
932 2323 1061 2407 propius
1077 2321 1293 2398 videturesse,
1312 2343 1413 2403 quam

237 2437 341 2498 totum
375 2433 454 2496 illud
486 2434 581 2515 eaput
612 2453 649 2495 ex
683 2431 809 2515 integro
840 2431 896 2494 illo
923 2429 1058 2513 Nepotis
1093 2429 1173 2492 libro
1205 2427 1244 2491 de
1279 2428 1336 2490 vir.
1364 2427 1411 2490 ill.

237 2539 386 2604 haustum
424 2560 504 2615 esse,
539 2538 626 2602 ouius
661 2540 785 2621 partem
818 2538 911 2620 longe
947 2536 1095 2599 maiorem
1125 2535 1241 2600 iniuria
1282 2538 1412 2618 tempo·

135 2698 139 2703 .
238 2640 424 2710 rum‘nobis
446 2644 602 2709 interiisse
624 2645 789 2709 dolemus?
834 2645 879 2708 At
903 2644 1077 2721 audiamus,
1100 2643 1216 2725 quibus
1238 2641 1277 2706 de
1292 2642 1412 2706 caussis

241 2751 361 2817 Woelff
366 2753 462 2816 liuius
476 2753 592 2815 dueum
605 2752 819 2821 Romanorum
844 2773 893 2815 res
908 2755 1014 2836 gestas
1031 2749 1214 2834 Ampelium
1229 2771 1267 2812 ex
1283 2747 1411 2834 Nepote

238 2860 447 2951 desumpsisse
470 2861 650 2945 negaverit!
675 2858 808 2943 Nepotis
832 2857 1010 2937 Hannibal,
1034 2858 1153 2941 inquit,
1185 2857 1220 2920 iu
1244 2857 1411 2921 nonnullis

239 2968 279 3030 ab
302 2970 428 3031 auotore
452 2968 490 3033 de
512 2967 571 3030 uir.
596 2967 641 3030 ill.
666 2965 839 3049 discrepat3
872 2965 961 3028 euius
991 2965 1128 3029 auctoris
1144 2963 1241 3027 ¹vitas
1269 2984 1342 3026 oum
1365 2986 1411 3046 ,ex

239 3073 348 3136 eodem
371 3074 473 3152 fonte,
498 3095 560 3158 quo
586 3072 748 3156 Ampelius
766 3074 814 3164 ,in
844 3071 1053 3136 describendis
1087 3071 1217 3135 ducibus
1252 3070 1409 3135 Romanis

209 3230 213 3236 ,
238 3181 395 3259 utebatur,
419 3180 546 3245 fluxisse
570 3187 739 3265 appareat,
763 3183 794 3244 et
816 3181 873 3244 illa
895 3179 1035 3262 Ampelii
1068 3179 1173 3263 capita
1205 3181 1237 3243 et
1268 3178 1408 3242 auctoris

239 3289 275 3351 de
298 3288 354 3351 vir.
378 3288 422 3352 ill.
446 3288 529 3351 vitae
552 3287 679 3351 dimisso
701 3286 827 3370 Nepote
850 3287 890 3351 ad
910 3285 1032 3350 Julinm
1054 3285 1220 3369 Hyginum
1243 3284 1409 3348 referenda

239 3397 323 3458 sunt.
370 3392 443 3458 Non
467 3394 575 3458 debuit
597 3393 659 3458 hoo
680 3416 744 3458 uno
768 3397 956 3478 argumento
973 3393 1072 3456 fretus
1090 3391 1308 3456 Woelfflinius
1333 3413 1409 3456 aue*

237 3501 315 3565 toris
338 3501 376 3564 de
399 3501 456 3565 vir.
480 3502 524 3564 ill.
548 3501 664 3566 librum
679 3501 798 3584 Nepoti
821 3502 986 3584 abrogare,
1011 3521 1082 3564 oum
1107 3497 1256 3563 facillime
1272 3498 1408 3582 eogitari

139 3668 147 3680 ,
237 3607 352 3691 possit,
378 3608 460 3673 siout
483 3609 583 3687 'multa
607 3609 668 3673 alia
691 3609 795 3692 oapita
825 3607 963 3672 auctoris
991 3606 1106 3685 nostri,
1137 3606 1183 3669 ita
1211 3603 1407 3670 Hannibalis

170 3705 172 3709 ⁷
236 3714 338 3778 vitam
360 3715 489 3779 aliunde
514 3737 550 3780 ae
578 3738 616 3780 ex
638 3715 791 3798 primario
816 3714 871 3778 illo
896 3713 995 3790 fonte,
1021 3735 1114 3796 quem
1136 3712 1302 3798 Ampelius
1325 3733 1406 3795 quo·

238 3844 299 3904 que
323 3822 409 3900 adiit,
436 3822 656 3906 depromptam
678 3844 752 3886 esse.
799 3820 923 3885 Deinde
946 3820 993 3884 vir
1016 3821 1070 3884 ille
1094 3820 1291 3884 doctissimus
1308 3821 1407 3903 plane

237 3929 353 3992 oblitus
387 3951 454 3995 esse
488 3930 613 3993 videtur
647 3929 684 3992 de
718 3933 790 4014 ipsa
820 3928 876 3992 illa
912 3927 1099 3992 Hannibalis
1132 3929 1201 3992 vita
1230 3949 1248 3990 a
1280 3926 1407 4011 Nepote

236 4037 355 4120 scripta
377 4037 464 4100 litem
488 4036 545 4100 sub
567 4038 670 4101 iudice
693 4037 733 4100 ad
755 4042 880 4119 tempus
903 4057 976 4113 esse,
1002 4057 1073 4099 oum
1100 4057 1145 4115 ea,
1171 4056 1251 4117 quae
1275 4033 1405 4098 Plutar-

237 4145 313 4208 ohus
336 4144 491 4228 Nepotem
514 4145 552 4209 de
568 4143 749 4209 Hannibale
773 4143 938 4207 tradidisse
960 4143 1095 4221 rettulit,
1119 4142 1168 4206 illi
1190 4141 1284 4220 vitae,
1308 4163 1405 4224 quam

237 4273 295 4314 nos
318 4251 375 4315 sub
392 4251 520 4315 nomine
535 4250 670 4335 Nepotis
688 4250 848 4330 habemus,
873 4249 961 4314 valde
986 4253 1175 4334 repugnent,
1200 4248 1404 4332 quamobrem
