2948 5182
546 249 895 345 -45-1

14 500 32 523 ..
63 438 133 519 531„
154 461 181 502 a.
205 460 237 503 u.
258 460 287 515 c.
310 439 430 506 Eodem
452 442 605 526 pertinet,
630 443 657 507 si
680 443 819 507 virorum
844 444 1016 509 illustrium
1045 446 1236 529 cognomina

42 545 263 610 ’alienissimis
287 545 468 612 hominibus
496 547 634 615 eiusdem
661 551 799 614 nominis
831 554 942 615 auctor
972 555 1080 616 noster
1109 551 1235 629 indidit,

63 656 102 715 nt
125 651 260 717 Pontius
283 653 335 716 ille
359 653 423 717 dux
447 653 636 733 Samnitum,
661 655 813 721 Herennii
836 657 935 736 filius,
966 680 984 721 a
1009 656 1124 722 Pontio
1147 657 1244 721 Tele-⁴

62 758 142 838 sino,
159 760 222 843 ¹qui
244 761 327 824 bello
350 760 437 825 civili
465 761 611 827 Mariano
643 764 706 827 dux
730 763 908 829 Samnitum
943 768 1025 842 erat,
1057 758 1236 848 cognomen

63 864 243 931 Telesinum
266 868 348 950 (cap.
374 867 478 952 XXX)
503 875 534 933 et
550 869 703 954 Apuleius
726 871 873 936 tribunus
889 871 998 954 plebis,
1024 871 1079 953 qui
1102 870 1235 935 Camillo

63 973 145 1037 diem
170 973 263 1053 dixit,
293 975 333 1038 ab
356 975 495 1058 Apuleio
523 975 711 1056 Saturnino,
743 977 837 1042 Marii
868 979 1024 1055 satellite,
1059 999 1234 1063 cognomen

63 1077 274 1145 Saturninum
297 1082 420 1145 invenit
444 1080 483 1166 (c.
508 1082 643 1165 XXIII).

152 1186 273 1253 Deinde
296 1189 431 1253 aliorum
454 1191 594 1255 virorum
617 1213 666 1255 res
688 1194 794 1277 gestas
817 1191 858 1255 ad
879 1192 956 1255 ahos
980 1195 1091 1256 auctor
1114 1192 1152 1256 de
1177 1192 1234 1256 vir.

62 1293 107 1357 ill.
132 1295 299 1360 transtulit
320 1296 527 1361 similitudine
551 1319 657 1362 rerum
682 1298 722 1362 ab
738 1298 880 1381 utrisque
896 1302 1060 1383 gestarum
1076 1300 1234 1382 deceptus.

61 1399 114 1465 Ita
145 1423 213 1486 cap.
241 1403 366 1467 XXXII
388 1404 422 1480 Q.
446 1403 581 1470 Fabium
605 1404 780 1469 Maximum
804 1405 990 1471 Rulliannm
1018 1406 1133 1469 iterum
1162 1428 1234 1470 cen-

63 1530 167 1573 sorem
189 1510 257 1574 fieri
291 1511 429 1575 uoluisse
461 1511 611 1596 legimus,
644 1535 738 1595 quem
763 1511 873 1576 Livius
897 1511 935 1575 X.
963 1514 1002 1576 15
1033 1514 1235 1577 consulatum

62 1637 221 1681 recusasse
244 1619 386 1701 scripsit3
411 1621 445 1681 at
468 1640 632 1683 censuram
656 1618 793 1683 Marcius
816 1618 947 1683 Rutilus
971 1618 1160 1684 Censorinus
1183 1643 1234 1685 re-

62 1723 199 1787 cusavit¹
216 1721 286 1804 (cfr.
319 1724 389 1788 Val.
413 1724 497 1789 Max.
522 1725 579 1792 IV.
607 1727 635 1803 1,
662 1725 704 1807 3).
753 1725 860 1809 Atque
883 1748 950 1810 cap.
976 1725 1053 1788 XIX
1078 1727 1113 1791 T.
1138 1727 1233 1790 Tatio

62 1830 141 1894 duce
169 1829 274 1894 Volsci
309 1853 328 1894 a
365 1830 531 1896 Coriolano
562 1833 713 1897 concitati
745 1833 898 1897 Romanis
933 1834 1053 1896 bellum
1090 1834 1234 1898 intulisse

61 1937 235 2001 traduntur
259 1937 459 2022 eiusdemque
483 1941 565 2025 regis
588 1962 705 2004 nomen
737 1941 769 2003 in
801 1963 869 2025 cap.
898 1939 1030 2004 LXILXI
1062 1962 1119 2024 pro
1144 1939 1234 2004 Attio

60 2044 169 2108 Tulho
192 2044 328 2109 occurrit
354 2083 389 2091 —-
417 2047 504 2111 ouius
527 2048 640 2112 erroris
663 2047 740 2113 haec
763 2070 873 2112 caussa
899 2049 1021 2113 videtur
1045 2069 1121 2125 esse,
1146 2047 1232 2132 quod

60 2155 195 2233 uterque
218 2172 273 2214 rex
296 2152 380 2216 bello
404 2153 564 2218 Romanos
588 2159 769 2239 persecutus
793 2160 849 2220 est.

151 2274 263 2359 Neque
288 2279 396 2341 tamen
420 2281 524 2342 minor
546 2284 747 2362 peccatorum
771 2281 867 2344 etiam
882 2280 1064 2364 graviorum
1085 2301 1234 2342 numerus

59 2384 118 2460 est,
136 2403 217 2464 quae
232 2383 398 2447 turbandis
413 2385 685 2470 depravandisque
696 2387 894 2471 singulorum
911 2386 1051 2449 virorum
1062 2385 1233 2449 illustrium

60 2488 154 2552 factis
179 2494 290 2573 auctor
313 2490 351 2556 de
375 2491 432 2557 vir.
456 2492 502 2557 ill.
520 2493 687 2557 commisit.
727 2493 810 2569 Quid
826 2493 909 2556 enim
925 2492 1066 2556 dicamus
1082 2492 1120 2556 de
1137 2491 1231 2555 foeda

60 2595 128 2660 eius
151 2597 343 2681 ignorantia,
368 2622 431 2682 qua
454 2601 539 2664 victo
563 2599 750 2664 Mithridate
767 2600 887 2665 Sullam
904 2599 1043 2683 Sulpicia
1066 2600 1234 2684 rogatione

61 2726 126 2770 esse
142 2710 326 2770 revocatum
354 2705 552 2790 Mariumque
578 2705 672 2772 Italia
695 2708 850 2791 expulisse
873 2707 1019 2771 narravit
1043 2706 1081 2789 (a.
1101 2705 1232 2783 LXXV)

60 2817 93 2878 et
116 2835 220 2878 rernm
244 2837 263 2877 a
287 2813 377 2877 Sulla
401 2818 514 2877 contra
536 2813 755 2877 Mithridatem
783 2817 943 2898 gestarum
973 2813 1114 2877 ordinem
1142 2834 1243 2901 pror-q
1367 2836 1370 2841 ·

60 2933 113 2983 sus
137 2920 341 3004 pertubavit‘?
387 2918 429 2984 Et
446 2942 542 3003 quam
558 2920 751 2985 incredibilis
768 2921 836 2984 eius
851 2919 977 2984 inscitia
992 2919 1232 2982 institutionum

61 3025 521 3110 Romanarumantiquarum,
553 3027 608 3110 qui
631 3027 721 3110 quasi
743 3028 858 3091 miram
892 3027 1053 3110 quandam
1083 3048 1149 3090 rem
1182 3026 1232 3089 in·
1324 3085 1327 3089 .

60 3132 280 3218 vestigaverit,
311 3134 483 3218 imaginem
512 3133 642 3198 Catonis
682 3134 801 3199 funeris
831 3135 936 3218 gratia
970 3135 1099 3219 produci
1132 3134 1231 3197 solere

23 3309 27 3315 ,
61 3245 281 3305 commemoret
305 3239 343 3323 (c.
368 3239 510 3323 XLVH),
528 3263 600 3305 cum
623 3243 843 3327 pervulgatam
866 3242 954 3305 illam
975 3240 1232 3306 consuetudinem

60 3347 145 3433 apud
169 3347 329 3412 Romanos
352 3348 447 3412 fuisse
470 3350 593 3412 constet
616 3351 647 3411 et
670 3371 741 3413 eum
764 3350 891 3411 tantum
913 3348 1107 3432 singularem
1130 3347 1231 3412 hono-

60 3477 128 3520 rem
151 3454 296 3518 habitum
320 3477 385 3519 esse
408 3454 451 3517 M.
476 3453 599 3532 Catoni,
623 3457 660 3518 ut
674 3477 690 3519 e
706 3457 797 3520 cario
812 3454 917 3540 imago
940 3455 1064 3520 eiusad
1083 3453 1229 3519 funerum
1357 3488 1364 3497 s

60 3583 212 3645 pompam
242 3564 478 3643 expromeretur
501 3559 586 3642 (Vel.
611 3560 694 3625 Max.
726 3560 815 3625 VIII.
845 3563 894 3639 15,
920 3559 963 3641 2).
1011 3560 1117 3644 Atque
1152 3561 1231 3625 falso

27 3671 136 3737 .ante
159 3668 276 3732 bellum
300 3666 463 3750 Syriacum
486 3667 717 3763 Lysimachiam
741 3667 958 3730 Romanorum
981 3666 1112 3730 ditionis
1135 3667 1231 3730 fuisse
1333 3671 1352 3687 ''

61 3775 99 3858 (c.
123 3773 209 3856 LIV)
242 3778 273 3838 et
303 3773 489 3838 Numidiam
516 3797 535 3838 a
558 3773 708 3857 Pompeio
732 3773 919 3838 Masinissae
949 3773 1131 3837 restitutam
1166 3795 1231 3838 esse

61 3881 100 3964 (o.
125 3879 289 3964 LXXVII)
323 3884 355 3944 et
378 3880 586 3963 Tarquinium
618 3880 812 3958 Collatinum
844 3903 949 3945 sorore
979 3879 1144 3962 Tarquinii
1172 3878 1231 3944 Su-

61 3988 152 4071 perbi
185 3988 329 4072 genitum
361 4007 426 4050 esse
456 3987 590 4050 tradidit
613 3991 650 4065 (c.
676 3986 746 4069 IX).
793 3985 860 4051 Neo
890 3986 995 4050 minus
1028 3987 1232 4071 neglegenter

61 4094 240 4180 Scipionem
263 4092 413 4158 Nasicam
436 4093 617 4158 aedificasse
633 4092 747 4157 Matris
762 4092 867 4157 Denm
882 4093 1039 4176 templum
1055 4098 1093 4170 (c.
1116 4091 1231 4175 XLVI)

61 4205 95 4266 et
130 4199 331 4265 Dolabellam
366 4222 385 4263 a
419 4198 452 4267 C.
488 4198 575 4263 Julio
610 4198 741 4264 Caesare
784 4199 902 4265 iudicio
943 4221 1125 4284 oppressum
1166 4221 1231 4264 esse

61 4307 99 4390 (o.
123 4305 304 4389 LXXVIII)
328 4310 359 4370 et
384 4304 548 4370 Metellum
573 4304 666 4370 Pium
689 4305 847 4389 Hispania
871 4304 1047 4370 Sertorium
1078 4307 1232 4389 expulisse
