2948 5182
547 240 933 335 -11-”

164 469 294 536 Orosius
320 464 427 534 autem
456 467 517 532 hac
543 489 576 531 re
608 467 703 551 plane
726 489 745 532 a
768 465 858 532 Livio
882 448 1041 545 dissentit,
1071 461 1156 550 quod
1179 461 1247 545 ipse

60 576 290 659 ,Hanniba-lem
309 575 464 641 seniorem
482 574 643 659 lapidibus
658 560 808 640 obrutum
823 597 843 639 a
859 573 1013 639 militibus
1028 595 1093 636 esse
1108 569 1246 648 rettulit,

76 707 149 750 cum
171 687 205 749 in
227 683 376 769 periocha
398 682 472 748 libri
495 681 621 747 Liviani
643 681 738 748 XVII
759 683 793 746 in
818 703 943 746 crucem
961 681 1064 744 'illum
1086 660 1245 743 sublatum

76 813 144 859 esse
177 793 332 877 legamus.
383 790 502 863 Utrum
535 789 635 876 igitur
670 811 707 854 ex
736 787 826 852 Livio
860 811 901 852 an
931 810 970 851 ex
1001 787 1063 879 alio
1093 787 1246 871 scriptore

76 898 182 965 Orosii
212 903 244 964 et
273 897 409 963 auctoris
431 878 470 961 de
492 896 549 961 vir.
573 897 617 962 ill.
640 897 696 960 illa
719 897 814 960 verba
837 895 997 973 fluxerint,
1030 909 1142 979 parum
1167 893 1248 957 mihi

75 1006 177 1091 liquet
201 1005 271 1090 (cfr.
296 1005 354 1069 rh.
378 1005 417 1068 de
440 1004 586 1068 Moeruer
607 1005 629 1070 l.
653 1004 674 1068 l.
697 1026 729 1088 p.
757 1003 843 1086 114).
1068 1070 1072 1083 Ι

163 1108 285 1177 nense
317 1113 354 1176 ce
383 1111 428 1178 11.
461 1110 562 1175 Asino
593 1110 717 1196 aeguo
750 1110 828 1175 naec
857 1107 1005 1173 valerius
1033 1106 1190 1171 Maximus
1217 1086 1249 1168 et
1359 1145 1361 1152 1

80 1223 190 1284 auctor
212 1223 321 1284 noster
343 1219 550 1301 scripserunt:

183 1348 254 1423 1111.
274 1344 307 1396 dc
325 1337 434 1397 1111111.
454 1358 475 1395 c.
495 1345 537 1394 40.
789 1341 844 1394 Vul.
864 1339 980 1392 11111111.
999 1337 1051 1391 ΙΧ.
1071 1342 1098 1391 2.
1119 1340 1142 1388 1.

113 1461 146 1470 -
185 1431 213 1484 in
243 1445 336 1486 arcam
363 1430 480 1498 ligneam
507 1429 643 1483 coniectus
716 1426 953 1496 Carthaginienses
976 1425 1091 1478 Atilium
1115 1423 1249 1491 Regulum

80 1520 165 1575 clavis
186 1521 340 1574 introrsum
358 1519 462 1575 adactis
486 1518 586 1587 vigiliis
611 1533 643 1572 ac
679 1516 824 1587 palpebris·
842 1515 953 1571 resectis
972 1514 1122 1580 machinae,
1148 1513 1176 1566 in
1195 1527 1249 1581 qua

79 1609 172 1664 dolore
189 1609 299 1678 punitus
318 1615 369 1663 est.
499 1596 501 1601 ¹
680 1606 799 1673 undique
817 1605 959 1674 praeacuti
974 1605 1075 1659 stimuli
1088 1603 1250 1669 eminebant,

681 1696 816 1750 inclusum
834 1695 977 1763 vigilantia
995 1694 1100 1762 pariter
1119 1696 1147 1747 et
1166 1691 1249 1746 conti·

680 1802 734 1839 nuo
753 1791 845 1840 tractu
864 1785 964 1839 doloris
982 1787 1156 1838 necaverunt.

169 1892 247 1964 Cum
293 1893 436 1958 Peterius
482 1891 605 1977 (reliqu.
652 1894 728 1960 hist.
768 1894 863 1959 Roma
900 1919 930 1979 p.
972 1893 1048 1978 144)
1086 1889 1249 1955 Valerium

79 2000 255 2065 Maximum
278 2024 316 2066 ex
338 2000 428 2065 Livio
456 2021 512 2064 sua
534 1999 674 2064 hausisse
697 2002 810 2065 merito
833 2001 912 2065 mihi
935 2001 1074 2065 conicere
1096 1998 1248 2075 videatur,

80 2120 130 2189 exss
154 2109 263 2173 eodem
299 2109 402 2173 nostri
439 2107 576 2173 auctoris
613 2107 694 2172 illud
728 2111 824 2193 caput
858 2114 1040 2191 excerptum
1078 2128 1143 2170 esse
1177 2125 1258 2191 vero

80 2216 262 2300 proximum
285 2219 343 2280 est.

169 2322 314 2406 Denique
337 2322 375 2386 de
399 2321 501 2406 capite
524 2321 695 2387 XXXVIII
717 2323 861 2407 paullum
883 2321 1016 2385 inferius
1040 2340 1178 2404 agemus.

506 2553 823 2562 ——.-—.

537 2758 718 2840 CAPUT
751 2759 801 2840 V.

550 2979 608 3044 Da
631 2978 784 3048 FLORO.

172 3158 356 3242 Spcupelius
391 3158 475 3240 (acts
508 3159 646 3247 11111111.
679 3157 804 3224 Μ1111.
835 3158 982 3225 XXXVI.
1014 3161 1051 3225 cl.
1080 3159 1135 3224 IX.
1167 3161 1252 3225 1863
1302 3242 1305 3247 ⁴

82 3288 113 3350 p.
150 3265 228 3349 317)
267 3269 351 3329 11111
385 3265 508 3328 monuit
542 3266 650 3329 multis
684 3266 760 3330 locis
791 3265 919 3331 Florum
955 3269 985 3330 et
1020 3271 1180 3332 auctorem
1215 3267 1253 3332 de

81 3373 141 3437 vir.
174 3372 219 3436 ill.
251 3372 292 3436 ad
322 3371 453 3435 verbum
482 3373 567 3437 inter
596 3394 629 3436 se
661 3394 835 3458 congruere
865 3375 1045 3457 multasque
1075 3395 1122 3438 res
1152 3373 1253 3438 abiis

84 3479 292 3563 scriptoribus
306 3483 363 3542 aut
378 3479 452 3543 solis
471 3482 526 3544 aut
543 3479 662 3545 diverse
679 3503 698 3544 a
713 3481 900 3566 pervulgata
916 3482 1080 3545 annalium
1101 3480 1253 3546 memoria

84 3587 222 3665 narrari,
264 3607 362 3669 quare
401 3585 531 3650 Florum
568 3589 607 3651 ab
647 3590 775 3652 auctore
812 3590 919 3651 nostro
957 3588 1149 3673 descriptum
1187 3609 1253 3675 esse
1326 3663 1329 3670 Ι

84 3692 245 3757 iudicavit.
303 3692 351 3755 Ex
386 3693 523 3758 maximo
558 3697 664 3758 autem
697 3694 825 3759 illorum
859 3696 998 3759 locorum
1031 3716 1163 3759 numero
1196 3692 1254 3757 hos

84 3800 263 3886 proposuit:
423 3881 428 3890 .

216 3891 404 3977 11111111.
422 3923 461 3977 ur.
480 3928 522 3977 11.
669 3932 671 3971 i
870 3926 1076 3980 11111111.

120 4010 225 4066 Deinde
260 4026 320 4064 cum
347 4026 494 4079 prorogare
526 4012 579 4067 sibi
604 3982 671 4127 11)
723 4044 759 4052 -
776 4030 835 4069 cum
854 4014 889 4069 ad
907 4015 1091 4084 perpetranda
1104 4013 1254 4082 coeptadie

85 4107 214 4156 testatem
232 4100 323 4169 vellet
342 4100 462 4156 adversis
482 4101 608 4170 auspiciis
623 4104 652 4156 in
689 4102 857 4157 comitiorum
876 4104 1019 4172 prorogari
1037 4103 1089 4157 sibi
1107 4103 1189 4159 vellet
1206 4105 1254 4157 im·
1300 4132 1303 4141 ·

84 4190 221 4259 publicum
239 4191 371 4257 processit
388 4191 532 4258 statimque
546 4191 652 4261 Capito·
687 4192 801 4261 perium,
825 4223 860 4230 -
881 4223 913 4232 -—
938 4193 1001 4248 inde
1024 4193 1254 4261 1111101111-

85 4279 152 4335 lium
169 4278 249 4348 petiit
265 4295 370 4335 manum
383 4281 417 4337 ad
431 4286 512 4349 caput
523 4279 651 4350 referens,
687 4280 752 4334 lium
776 4280 940 4350 profugisset
967 4282 1126 4352 plebemque
1150 4283 1185 4338 sd
1208 4283 1254 4337 de-

86 4383 139 4436 quo
164 4368 280 4424 salutem
303 4384 380 4424 suam
402 4368 502 4439 populo
520 4386 651 4427 commen-
687 4370 835 4427 sensionem
860 4371 957 4429 salutis
980 4388 1047 4428 suae
1069 4389 1150 4429 manu
1174 4378 1254 4442 caput
