2948 5182
575 284 776 351 -.7-

90 477 146 559 qui
168 477 250 542 vitas
272 477 413 542 virorum
435 477 609 542 illustrium
631 479 799 563 scripserit.
845 478 938 544 Unde
965 480 1050 543 enim
1077 479 1150 559 illa,
1183 501 1262 562 quae

89 584 323 651 accuratissime
338 584 383 648 de
410 584 549 648 virorum
579 584 807 668 descriptorum
839 586 959 672 origine
991 585 1059 666 (cfr.
1086 607 1111 650 c.
1136 586 1196 661 35,
1219 587 1261 662 ,1;

89 691 143 768 41,
171 695 203 767 1;
228 691 279 771 57,
306 682 436 775 166),
469 692 606 775 pueritia
630 692 700 778 (ea.
733 714 758 757 0.
784 693 836 771 42,
863 695 896 770 1;
920 695 973 770 49,
999 695 1036 771 1;
1059 694 1111 772 75,
1137 666 1261 777 1616),
1325 758 1332 774 ,
1449 740 1455 749 .

90 795 304 884 adulescentia
328 796 399 880 (611.
422 820 449 863 6.
467 799 518 878 24,
546 803 578 876 1;
602 799 705 878 28,1;
729 802 782 878 47,
802 802 833 876 1;
858 801 910 879 49,
927 802 946 864 2
964 803 1034 878 616.)
1050 803 1152 865 1116116
1167 803 1263 883 atque

89 903 201 968 funere
234 904 356 989 (6166.
382 908 411 984 3,
437 907 471 982 33
508 907 558 985 10,
586 907 620 983 7;
647 907 696 985 15,
722 908 834 986 6;,18,
860 908 893 985 7;
918 907 970 985 27,
996 908 1029 984 5;
1062 909 1114 986 32,
1140 908 1176 984 4;
1202 908 1261 982 35;

91 1009 129 1098 Il
156 1006 229 1091 616.)1
252 1011 439 1076 (1611161616
462 1013 669 1096 petitionibus
691 1013 826 1097 repulsis
859 1035 1024 1078 munerum
1057 1013 1261 1078 administra-

88 1117 228 1183 tionibus
251 1118 321 1200 (cfr.
346 1140 372 1186 c.
397 1119 455 1196 273
480 1121 535 1198 323
560 1121 617 1195 44;
651 1120 709 1197 47;
742 1121 798 1197 56;
830 1121 869 1184 61
897 1120 971 1204 616.)
1009 1124 1121 1185 666161
1153 1123 1262 1185 666161

14 1206 18 1215 ’
88 1226 226 1305 16116111,
251 1225 388 1310 opineris
411 1227 525 1291 hausta
548 1248 625 1305 esse,
649 1228 770 1291 nisiex
793 1227 885 1307 libre,
910 1228 965 1311 qui
981 1229 1119 1292 virorum
1134 1228 1262 1292 illorum

89 1332 171 1396 vitas
195 1355 214 1395 a
238 1333 401 1397 cunabulis
425 1333 587 1417 usque-ad
611 1337 743 1398 61611616
767 1354 890 1398 summa
914 1335 1079 1420 diligencia
1094 1356 1261 1418 perseque-

86 1439 198 1507 retur?
255 1437 354 1503 Nullo
388 1444 482 1523 pacto
513 1444 622 1505 auctor
658 1445 784 1519 noster,
825 1462 919 1523 quem
957 1439 1142 1526 Spengelius
1186 1446 1262 1506 ante

88 1545 244 1611 Hadriani
267 1549 410 1631 tempora
433 1548 545 1612 vixisse
569 1549 709 1630 negavit,
734 1570 771 1612 ex
795 1546 878 1611 Livii
902 1549 951 1611 vel
973 1549 1114 1612 Antiatis
1137 1549 1186 1611 vel
1207 1548 1260 1612 Pi-

88 1654 171 1717 sonis
195 1653 408 1718 voluminibus
432 1654 607 1719 existimari
630 1657 734 1738 potest
757 1654 1013 1718 narratiunculas
1035 1655 1107 1717 illas
1124 1656 1162 1719 (16
1177 1655 1261 1719 viro-
1364 1676 1367 1681 ·

87 1781 159 1823 rum
180 1759 352 1824 illustrium
375 1761 512 1824 infantia
535 1765 631 1843 atque
654 1760 868 1825 adulescentia
892 1762 1056 1848 multaque
1079 1761 1135 1825 illa
1159 1760 1259 1824 facete

88 1867 139 1930 vel
161 1867 301 1951 graviter
324 1865 408 1930 dicta
432 1870 526 1949 atque
554 1866 640 1930 facta
670 1867 862 1950 excerpsisse
892 1889 991 1951 eoque
1020 1869 1115 1932 modo
1145 1868 1261 1932 librum

88 1995 180 2037 66661
210 1973 455 2054 consarcinasse,
487 1996 557 2038 cum
589 1974 771 2056 praesertim
810 1976 929 2039 multae
959 1975 1111 2061 eiusmodi
1141 1998 1189 2039 res
1221 1977 1261 2039 ab

89 2082 218 2145 auctore
241 2082 348 2144 nostro
371 2082 490 2146 relatae
513 2082 597 2164 apud
622 2081 744 2145 nullum
769 2081 867 2145 alium
889 2074 1074 2166 scriptorem
1097 2082 1260 2146 invenian-

87 2189 140 2272 tur
163 2185 264 2269 (velut
288 2209 339 2265 ea,
373 2209 454 2270 quae
477 2191 586 2252 auctor
618 2188 656 2252 (16
688 2189 743 2252 vir.
773 2187 819 2253 ill.
852 2192 961 2252 narrat
984 2189 1022 2252 (16
1046 2188 1206 2255 aedilitate
1230 2193 1284 2273 et*
1393 2180 1399 2189 ’

88 2296 258 2376 quaestura
281 2292 325 2355 M.
350 2292 431 2357 Livii
454 2293 551 2358 Drusi
574 2317 600 2359 c.
625 2296 677 2373 66,
701 2295 745 2365 de„
762 2294 975 2363 adulescentia
991 2299 1023 2358 et
1038 2296 1200 2360 aedilitate
1219 2295 1260 2360 M·

90 2398 220 2463 Aemilii
243 2397 353 2464 Scauri
376 2421 402 2464 6.
429 2400 479 2477 72,
505 2400 543 2463 (16
567 2406 737 2484 quaestura
761 2400 803 2464 M.
829 2401 920 2465 Bruti
943 2423 967 2465 c.
992 2402 1043 2480 82,
1066 2403 1103 2464 de
1119 2403 1261 2486 sepulcro

18 2494 21 2499 ⁴
89 2500 279 2571 Hannibalis
302 2528 327 2571 c.
351 2507 405 2601 42,
431 2505 469 2570 (16
492 2506 626 2571 (1166666
650 2507 789 2590 Scipioni
801 2506 953 2570 Africano
969 2509 1102 2591 parvulo
1126 2509 1259 2573 circum·

89 2613 159 2678 fuso
195 2636 220 2676 c.
246 2613 304 2691 49,
340 2613 377 2677 (16
409 2613 556 2697 superbia
579 2614 695 2698 Apulei
720 2612 887 2678 Saturnini
917 2636 942 2681 c.
969 2615 1027 2694 73,
1061 2616 1098 2680 de
1129 2616 1260 2681 muliere

89 2718 197 2787 Sullae
220 2721 353 2804 parvulo
377 2720 487 2784 futura
510 2721 708 2805 praedicente
731 2743 756 2785 6.
783 2721 824 2784 75
845 2721 928 2802 616).

177 2825 263 2902 Quae
287 2827 476 2905 coniectura,
495 2828 522 2890 si
545 2826 822 2910 Ampeliilibrum
844 2827 1058 2891 memorialem
1090 2850 1162 2893 cum
1185 2853 1257 2895 auc-

88 2938 157 2999 tore
179 2935 289 2998 nostro
313 2933 606 3018 comparaverimus,
635 2933 676 2997 ad
704 2937 823 2998 66116111
852 2934 1019 3018 redigetur.
1064 2934 1160 3018 Apud
1187 2959 1258 3001 eum
1361 2984 1364 2989 ,

89 3039 175 3103 enim
209 3040 314 3123 capite
341 3039 436 3104 XVII
463 3061 552 3123 reges
584 3039 818 3121 Romanorum,
852 3062 921 3124 cap.
953 3039 1064 3106 XVIII
1093 3041 1258 3107 clarissimi

90 3145 182 3210 duces
211 3147 445 3225 Romanorum,
481 3169 547 3231 cap.
577 3147 655 3212 XIX
689 3148 842 3228 Romani,
879 3148 934 3231 qui
966 3148 999 3210 in
1028 3152 1105 3233 toga
1129 3149 1259 3214 fuerunt

88 3252 239 3333 illustres,
255 3254 411 3338 capitibus
426 3253 495 3335 XX,
512 3253 599 3336 XXI,
623 3255 726 3334 XXII,
749 3253 883 3341 XXVII,
909 3253 1060 3333 XXVIII,
1077 3254 1143 3334 XL,
1160 3256 1257 3336 XLII,

88 3357 210 3423 XLVII
237 3359 298 3424 viri
325 3361 463 3426 illustres
486 3361 622 3427 Romani
646 3367 678 3428 et
701 3366 880 3427 exterarum
907 3363 1054 3447 gentium
1084 3363 1177 3427 duces
1204 3364 1258 3427 de·
1307 3362 1311 3375 '

88 3466 268 3530 scribuntur
290 3467 391 3550 iisque
415 3470 527 3546 verbis,
552 3491 632 3552 quae
656 3492 726 3533 cum
750 3472 877 3533 auctore
907 3473 1017 3533 nostro
1047 3470 1155 3533 multis
1183 3471 1259 3534 locis

89 3573 205 3637 mirum
227 3573 261 3636 in
277 3574 596 3639 modumconcinaut.
642 3573 860 3639 Woelfflinius
873 3577 924 3657 (de
941 3575 1065 3659 Ampel.
1081 3576 1150 3641 libr.
1167 3599 1258 3642 mem.

90 3682 207 3767 quaest.
232 3680 305 3744 hist.
329 3684 361 3744 et
384 3681 452 3745 crit.
478 3681 622 3767 Gotting.
650 3683 734 3746 1854
757 3706 787 3765 p.
812 3683 853 3746 35
876 3682 959 3766 sqq.)
982 3684 1151 3747 nonnullos
1176 3683 1259 3747 eius-

89 3787 173 3850 modi
195 3785 279 3850 locos
302 3789 477 3871 proposuit,
502 3809 579 3870 quos
602 3810 660 3873 ego
683 3810 806 3872 quoque
829 3788 892 3853 buc
914 3790 1060 3854 afferam:

176 3916 245 3963 6661.
265 3909 420 3965 6166116111.
440 3928 462 3966 c.
482 3913 525 3965 33.
545 3913 571 3963 7.
834 3912 938 3981 Ampel.
959 3912 1071 3966 XVIII.
1084 3915 1109 3964 8.

124 3997 236 4066 Legatis
256 3980 522 4054 86166116111661661
540 3996 654 4053 61161611-
729 3999 833 4067 Curius,
853 4016 912 4052 cum
931 4002 959 4054 in
985 3999 1044 4054 foco
1068 4016 1150 4068 rapas
1175 4008 1258 4055 torre·

50 4114 57 4125 ·
88 4086 169 4154 tibus,
186 4102 266 4153 quum
282 4087 340 4155 ipse
354 4085 457 4142 1111666
473 4102 555 4155 rapas
571 4093 655 4141 16116-
692 4095 749 4155 161,
775 4119 810 4127 -
839 4119 875 4126 -
899 4120 934 4127 —
959 4088 1148 4144 offerentibus:
1178 4091 1258 4157 malo,

89 4181 142 4231 ret:
161 4176 245 4245 Malo,
264 4177 365 4244 inquit,
388 4177 458 4232 haec
475 4177 504 4230 in
526 4176 654 4230 fictilibus
691 4177 788 4244 inquit,
807 4177 835 4231 in
847 4175 976 4231 fictilibus
989 4178 1055 4231 meis
1073 4207 1109 4214 -
1121 4185 1148 4231 61
1164 4194 1259 4232 aurum

71 4261 153 4319 ‘meis
193 4281 253 4319 6666
292 4272 320 4320 61
357 4282 453 4320 aurum
492 4264 654 4320 habentibus
690 4265 853 4321 habentibus
872 4267 1015 4335 imperare.

89 4369 228 4421 1mperare.
