2954 5136
597 275 792 340 ..9-

195 465 262 532 Nec
284 467 442 532 immerito
455 466 673 536 Woelfflinius
697 472 786 537 docet
800 475 896 557 plane
911 466 994 539 nov'a
1009 475 1168 541 interdum
1188 474 1273 560 a'pud

107 574 499 659 Ampeliumdeprehendi.
526 578 661 660 quaein
685 578 765 642 libro
790 581 826 644 de
851 581 906 644 vir.
930 581 975 646 ill.
997 581 1115 648 frustra
1131 604 1272 666 quaeras,

106 682 301 765 quamquam
324 703 432 747 eorum
455 705 521 748 non
543 686 620 749 haee
642 685 683 749 sit
706 686 856 765 eondiei0,
880 691 916 752 ut
939 690 1060 753 auctori
1083 690 1120 754 de
1144 690 1201 752 vir.
1225 689 1271 756 ill.
1375 738 1380 747 .

105 792 300 874 repugnent,
324 791 376 853 sed
401 791 550 854 utillum
574 793 680 875 potins
710 795 855 879 supplere
886 796 1060 860 videantur.
1112 796 1201 872 Quod
1233 799 1272 862 ad

104 894 257 961 iudicium
279 897 546 980 eomprobandum
570 899 646 962 haee
669 900 815 983 exempla
837 903 1018 985 proposuit:

235 1053 305 1102 auct.
323 1047 355 1102 de
371 1047 421 1101 eir.
438 1047 476 1100 ill.
495 1049 537 1100 31
848 1050 950 1118 Ampel.
969 1051 1086 1105 XVIII.
1106 1055 1130 1108 7.

141 1135 172 1189 L.
191 1135 325 1205 Papirius,
339 1152 355 1189 a
369 1136 484 1190 velocita
486 1135 672 1188 teCursor-
742 1137 868 1204 Papirius
878 1137 990 1192 Cursor
1008 1140 1053 1193 h1c
1066 1118 1169 1195 Samni
1158 1148 1207 1210 es
1226 1144 1272 1210 qui

104 1223 139 1278 de
158 1223 352 1279 Samnitibust
341 1224 523 1292 triumphavit.
706 1225 844 1279 Romanos
863 1227 939 1280 sub
932 1244 1024 1295 iugum
1037 1231 1181 1298 pugnando
1194 1233 1271 1287 mise-

706 1321 776 1380 rant,
796 1315 878 1369 victos
897 1317 1044 1384 ignominia
1063 1320 1122 1386 pari
1141 1320 1231 1376 affecit
1244 1329 1272 1377 et

706 1403 883 1458 aveloeitate
902 1405 1001 1461 Cursor
1020 1413 1061 1461 est
1079 1410 1240 1476 appellatus.

236 1518 305 1566 ouct.
325 1511 355 1565 de
372 1511 421 1565 uir.
439 1511 476 1563 ill.
495 1512 538 1563 15.
846 1514 950 1583 Anepel.
970 1513 1083 1570 XVIII.
1101 1521 1129 1571 2.

106 1647 219 1730 quibus
242 1648 391 1731 exemplis
414 1646 490 1709 haee
515 1643 657 1708 addenda
680 1649 772 1708 sunt:
938 1722 943 1729 Κ

212 1786 280 1835 ancl.
300 1779 455 1833 danielli.
474 1782 516 1831 61.
535 1781 560 1830 4.
836 1780 939 1850 Ampel.
958 1782 1073 1839 XVIII.
1093 1788 1136 1837 14.

138 1869 220 1938 Apud
238 1868 407 1922 Contrebiam
427 1867 550 1936 Oppidum
575 1867 667 1919 C0hor·
739 1897 774 1904 —
793 1869 964 1925 Contrebiam
979 1872 1214 1941 inexpugnabilem
1224 1875 1272 1928 Hi·
1358 1922 1361 1931 ,

102 1965 143 2012 tes
161 1959 222 2012 loco
240 1958 333 2026 pulsas
352 1958 440 2011 redire
458 1964 486 2010 et
502 1955 667 2010 locumreoi·
704 1957 816 2023 spaniae
835 1959 972 2014 civitatem
1002 1961 1080 2016 iussis
1110 1968 1271 2018 testamenta

87 2058 167 2116 'pere
185 2047 271 2101 iussit.
705 2047 825 2101 scribere
844 2054 872 2101 et
890 2049 980 2103 vetitis
1003 2050 1092 2105 redire
1116 2052 1168 2106 nisi
1192 2053 1269 2106 vicis·

705 2143 764 2190 sent
783 2137 914 2191 militibus
933 2141 1082 2206 occupavit.

210 2250 278 2300 auct.
297 2243 329 2298 dc
346 2244 396 2298 nir.
415 2242 454 2298 iil.
473 2246 515 2296 74.
535 2246 559 2295 7.
837 2246 940 2314 Ampel.
961 2247 1074 2301 XVIII.
1092 2250 1137 2300 18.

137 2332 243 2387 Nimius
269 2335 297 2387 in
319 2332 416 2386 habitu
440 2331 554 2385 maxime
581 2333 667 2399 signo·
740 2332 882 2401 Lucullus,
902 2335 948 2401 qui
973 2335 1089 2389 Asiaene
1114 2336 1269 2403 provinciae

101 2439 162 2476 rum
181 2428 208 2476 et
226 2422 381 2476 tabularum
399 2435 490 2475 amore
508 2416 639 2488 flagravit.
705 2422 799 2489 spoliis
818 2422 949 2477 maximas
969 2439 1032 2491 opes
1051 2431 1093 2478 est
1110 2432 1269 2479 consecutus

705 2516 732 2564 et
751 2509 934 2566 aedificiorum
952 2513 1160 2582 tabularumque
1184 2514 1268 2581 picta·

704 2614 764 2652 rum
782 2600 968 2655 studiossimus
986 2602 1045 2655 fuit.

229 2712 299 2781 aaa.
318 2708 351 2763 de
368 2709 418 2763 uir.
436 2707 477 2762 ill.
496 2711 537 2761 44.
862 2708 966 2777 Ampel.
981 2710 1066 2764 XIX.
1080 2714 1119 2763 11.
1170 2719 1172 2723 ⁴

136 2797 165 2850 Ρ.
193 2788 283 2866 Scipio
310 2797 426 2863 Nasica,
460 2811 476 2850 a
503 2801 601 2850 senatu
628 2796 667 2848 vir
741 2793 830 2863 Scipio
848 2795 957 2862 Nasica,
977 2797 1036 2864 qui,
1056 2798 1120 2865 quia
1138 2813 1192 2851 non
1215 2800 1268 2854 rite

101 2887 217 2954 optimus
235 2886 377 2940 iudicatus.
398 2916 429 2925 -
450 2887 477 2940 Is
496 2901 555 2940 cum
573 2884 667 2939 adver·
704 2883 881 2951 inauguratus
900 2886 993 2939 consul
1011 2886 1155 2951 videretur,
1174 2904 1269 2942 consu·

101 2991 159 3029 sum
178 2976 301 3043 auspicia
320 2975 456 3030 consulem
468 2991 498 3029 se
515 2973 667 3029 aGraccho
704 2972 764 3027 latu
782 2989 811 3027 se
829 2973 965 3028 abdicavit
977 2981 1005 3028 et
1017 2975 1125 3030 domitis
1135 2977 1268 3031 Dalmatis

100 3065 267 3120 nominatum
294 3066 477 3133 comperisset,
505 3063 667 3131 magistratu
704 3063 824 3116 oblatum
848 3069 976 3118 asenatu
999 3064 1163 3132 triumphum
1188 3082 1268 3134 repu-

101 3171 130 3209 se
148 3154 291 3209 abdicavit.
328 3154 427 3209 Censor
452 3160 572 3219 statuas,
601 3169 667 3221 quas
703 3151 786 3207 diavit
803 3159 972 3222 statuasque,
992 3169 1057 3220 quas
1080 3154 1131 3208 sibi
1155 3157 1267 3222 quisque

101 3244 151 3298 sibi
170 3245 283 3312 quisque
302 3261 350 3312 per
369 3244 541 3298 ambitionem
560 3244 588 3297 in
606 3241 666 3297 foro
702 3241 731 3295 in
749 3242 857 3309 publico
876 3248 1013 3311 posuerat,
1032 3244 1060 3296 in
1080 3259 1198 3299 censura
1217 3259 1267 3297 sua

100 3335 226 3401 ponebat,
240 3334 357 3387 sustulit.
386 3333 484 3387 Consul
494 3333 665 3400 Delminium,
703 3331 819 3384 sustulit.
857 3329 968 3386 Censuit
1001 3332 1028 3384 in
1053 3338 1150 3387 senatu
1175 3339 1267 3387 tamen

100 3423 191 3476 urbem
203 3422 391 3476 Dalmatarum
403 3422 612 3490 expugnavit—
630 3423 665 3477 ab
703 3420 897 3489 Carthaginem
930 3436 984 3475 non
1022 3437 1081 3476 esse
1109 3421 1266 3477 delendam:

100 3517 195 3567 senatu
209 3512 374 3582 triumphum
387 3512 506 3567 oblatum
524 3512 664 3566 recusavit.
701 3517 846 3579 propterea
865 3509 980 3578 optimus
999 3509 1141 3564 iudicatus.

196 3627 266 3675 auct.
285 3621 317 3676 dc
334 3621 383 3676 eis.
400 3621 440 3674 ill.
459 3623 505 3675 72.
524 3623 566 3673 10.
852 3618 953 3687 Ampel.
972 3618 1056 3672 XIX.
1074 3622 1116 3672 10.

134 3707 209 3762 Idem
218 3707 303 3763 filium
316 3725 401 3777 suum,
421 3708 484 3776 quia
502 3709 665 3775 praesidium
736 3707 860 3774 Scaurus,
879 3707 924 3774 qui
942 3706 1027 3761 vetuit
1049 3705 1135 3760 filium
1153 3706 1182 3759 in
1205 3696 1267 3759 con·

98 3798 262 3864 deseruerat,
279 3800 307 3852 in
319 3805 490 3867 conspectum
503 3814 579 3852 suum
591 3805 664 3854 veta·
701 3804 821 3866 spectum
839 3812 917 3850 suum
926 3795 1028 3862 uenire,
1036 3797 1100 3862 quia
1111 3794 1183 3850 bello
1197 3794 1265 3848 Cim·

97 3888 137 3942 vit
154 3886 289 3944 accedere.
701 3887 776 3941 brico
795 3886 964 3942 deseruerat.

228 4001 299 4051 auct.
317 3996 349 4050 dc
367 3996 416 4051 eir.
434 3995 473 4050 ill.
492 3999 534 4050 35.
825 3992 929 4062 Ampcl.
948 3991 1097 4048 XXVIII
1116 3996 1141 4047 3.

185 4131 329 4214 Denique
353 4131 621 4196 Tuschuelnus
588 4135 621 4196 e
644 4127 862 4196 Woelfflinius
887 4106 1136 4192 observaverunt
1163 4131 1196 4191 et
1224 4127 1264 4190 ab
1365 4150 1368 4155 ·

98 4240 242 4322 Ampelio
267 4237 366 4322 (XIX.
394 4240 447 4318 ll)
472 4235 927 4316 etabauctoredevir.ill.
953 4231 1265 4319 (1419111116θοὶ-

97 4348 224 4431 pionem
248 4345 397 4411 Nasicam
432 4350 557 4431 patrem
587 4368 670 4410 eum
682 4343 828 4430 Scipione
855 4341 970 4408 Nasica
1001 4342 1067 4407 filio
1098 4340 1265 4407 confusum
