2954 5136
469 297 770 369 ι--43--

39 516 43 527 ·
70 521 105 582 p.
129 499 223 576 229);
247 497 382 591 denique
406 499 541 566 eundem
556 498 723 566 Claudium
746 503 907 565 auctorem
931 504 1056 565 secutus
1072 521 1111 565 ca
1123 499 1247 581 foedere

71 603 231 669 Postumii
253 606 425 671 exercitum
446 608 506 671 sub
528 607 640 692 iugum
661 607 790 672 missum
814 628 879 672 esse
903 611 1014 672 auctor
1045 607 1083 671 de
1108 606 1165 671 vir.
1196 606 1242 672 ill.

58 689 99 776 ‘a
121 705 213 778 XXX
236 714 378 777 narravit
400 713 470 795 (cfr.
494 712 562 782 Liv.
588 713 644 781 IX.
669 716 712 793 5).
827 798 828 802 Ἰ
989 702 992 714 ’
1235 730 1237 735 ’

49 840 54 849 ’
162 817 221 885 Sed
245 824 370 906 praeter
392 842 497 885 rerum
520 821 687 906 scriptores
710 820 877 885 Cornelius
892 818 1000 904 Nepos
1023 824 1096 885 acta
1118 818 1245 905 publica

44 968 49 979 ι
73 928 108 989 ct
130 927 232 992 omnis
254 927 379 1013 generis
402 928 622 1013 inscriptiones
645 928 712 1011 ipse
735 927 815 992 adiit
838 930 932 1011 atque
953 927 1099 1011 inspexit,
1122 930 1160 991 ut
1174 926 1243 990 Tib.

73 1031 209 1110 Gracchi
233 1056 291 1120 pro
316 1034 467 1100 Africano
496 1035 719 1101 intercedentis
743 1039 774 1098 et
798 1035 990 1119 collegarum
1024 1035 1090 1099 eius
1118 1035 1244 1097 decreta

73 1140 205 1205 retentis
229 1142 326 1206 etiam
350 1143 451 1206 verbis
474 1140 632 1227 Nepotem
654 1142 687 1205 in
708 1142 808 1206 libros
831 1162 901 1205 suos
932 1141 1133 1205 transtulisse
1163 1140 1245 1203 vidi-
1323 1198 1325 1203 .
1372 1122 1373 1125 Ἴ

73 1269 146 1312 mus
170 1245 238 1330 (cfr.
263 1246 343 1313 Gall.
368 1249 423 1313 VI.
452 1250 514 1333 19).
561 1248 669 1333 Atque
692 1249 789 1313 ctiam
813 1247 925 1332 capitis
948 1246 1073 1312 XXVII
1105 1247 1244 1312 auctoris

75 1355 176 1418 nostri
205 1355 328 1439 aliquot
359 1355 454 1420 verba
477 1377 549 1420 cum
571 1356 704 1440 antiqua
728 1354 936 1439 inscriptione
959 1377 978 1419 a
998 1353 1135 1418 Grutero
1159 1353 1245 1417 edita

74 1462 171 1546 plano
192 1466 369 1526 consonant
392 1463 534 1546 (Gruter.
558 1464 698 1544 inccrat.
723 1452 794 1528 lom.
818 1463 846 1526 I.
865 1466 1095 1544 p26u11,
1121 1460 1155 1528 P.
1180 1459 1245 1524 De-

74 1568 142 1633 cius
158 1566 235 1633 Deci
250 1569 335 1632 filius
359 1568 499 1653 primum
514 1591 576 1634 cos.
593 1569 631 1633 de
648 1567 843 1634 Samnitibus
865 1568 1067 1654 triumphans
1083 1568 1183 1652 spolia
1206 1588 1245 1630 ex

75 1676 119 1739 eis
144 1656 248 1741 Oer'eri
280 1676 503 1740 consecravit·
532 1675 653 1740 lterum
676 1678 708 1740 et
741 1675 874 1741 tertium
903 1676 1015 1739 consul
1043 1711 1079 1720 -
1104 1680 1184 1755 aaut.
1209 1673 1262 1736 clc'
1299 1760 1302 1765 ,

14 1864 19 1875 Ι
74 1783 136 1848 uir.
159 1781 224 1860 tu,
257 1781 290 1849 P.
315 1781 446 1860 Decius
479 1782 569 1855 Decii
591 1783 691 1862 filius,
723 1783 825 1867 primo
854 1783 963 1846 consul
987 1782 1026 1846 de
1049 1780 1246 1845 Samnitibus

74 1888 297 1975 triumphavit.
344 1888 452 1974 Spolia
475 1889 585 1954 dehis
609 1888 713 1954 Cereri
736 1888 940 1955 consecravit.
986 1888 1107 1952 Iterum
1130 1889 1162 1951 et
1182 1889 1246 1949 ter-

51 1996 123 2071 ,cio
159 1997 271 2067 consul
305 1997 407 2061 multa
438 1996 524 2061 domi
556 1997 752 2080 militiaeque
786 1996 908 2082 gessit).
961 1995 1048 2072 Quae
1082 1993 1247 2077 inscriptio

76 2124 149 2174 cum
165 2104 381 2191 fragmentum
396 2104 492 2189 elogii
510 2106 634 2169 statuae
650 2103 739 2168 Decii
762 2105 838 2168 olim
860 2103 1031 2187 subscripti
1054 2123 1119 2166 esse
1138 2100 1247 2165 videa·
1341 2090 1347 2097 ³

75 2211 146 2287 tur,
179 2209 346 2296 Borghesii
375 2210 424 2274 illi
448 2212 626 2277 sententiae
648 2211 686 2276 de
710 2211 852 2275 fontibus
880 2210 1016 2275 auctoris
1044 2210 1082 2274 de
1110 2208 1167 2273 vir.
1190 2207 1248 2284 ill,

78 2339 175 2400 quam
199 2340 293 2402 supra
316 2316 507 2397 rettulimus
533 2317 652 2402 aliquid
675 2317 743 2382 veri
765 2319 867 2383 inesse
890 2316 1142 2400 comprobatur.¹

515 2985 696 3070 CAPUT
728 2991 801 3072 111.

170 3188 329 3265 Quantum
354 3194 460 3254 autem
483 3191 638 3256 momenti
659 3190 698 3255 ad
722 3213 771 3256 res
802 3190 964 3256 Romanas
996 3193 1141 3255 accurate
1163 3210 1246 3253 reco-

80 3297 276 3381 gnoscendas
299 3301 396 3380 atque
419 3297 623 3380 inquirendas
647 3298 785 3362 auctoris
807 3298 908 3363 nostri
924 3298 1004 3363 liber
1019 3297 1146 3375 habeat,
1172 3295 1250 3359 satis

80 3403 242 3467 evidenter
265 3404 442 3488 apparebit,
467 3406 493 3468 si
516 3427 534 3469 e
557 3405 696 3469 maximo
721 3425 830 3468 earum
859 3427 963 3471 rerum
992 3426 1136 3482 numero,
1171 3423 1251 3486 quae

80 3510 121 3574 ab
144 3531 208 3575 uno
232 3514 361 3603 auctpre
384 3511 422 3575 de
445 3513 502 3576 vir.
526 3511 572 3578 ill.
596 3512 796 3591 referuntur,
821 3533 938 3595 paucas
961 3512 1166 3577 notabiliores
1189 3511 1251 3574 lec-

79 3616 202 3681 toribus
225 3617 420 3682 subiciamus.
468 3618 563 3703 Apnd
585 3618 671 3684 hunc
693 3619 793 3701 igitur
815 3619 916 3684 solum
939 3619 1090 3704 legimus:

172 3723 334 3787 Amulium
362 3728 394 3787 et
424 3723 625 3791 Numitorem
655 3726 785 3790 alternis
818 3727 936 3790 vicibus
966 3747 1115 3812 regnasse
1147 3725 1185 3805 (c.
1210 3723 1249 3805 l),

82 3831 206 3895 Ancum
245 3829 400 3895 Marcium
447 3832 581 3918 vectigal
626 3833 796 3898 salinarum
841 3833 1016 3898 instituisse
1062 3836 1095 3897 ct
1134 3846 1252 3916 paucos

81 3938 152 4003 dies'
170 3959 317 4023 regnasse
341 3938 379 4019 (e.
404 3938 447 4029 V)
490 3963 508 4004 a
531 3938 640 4004 Servio
663 3940 769 4005 Tullio
799 3962 963 4004 mensuras
991 3943 1087 4023 atquc
1111 3938 1252 4024 pondera

80 4045 228 4109 instituta
250 4066 313 4109 esse
337 4044 376 4128 (c.
394 4045 481 4130 Vll),
496 4045 680 4122 Quinctium
698 4046 921 4112 Cincinnatum
939 4046 1110 4112 Caesonem
1127 4048 1252 4129 apatre

81 4152 263 4216 abdicatum
286 4156 318 4216 et
341 4174 360 4215 a
382 4153 566 4218 censoribus
590 4158 740 4220 notatum
763 4154 804 4219 ad
827 4153 959 4219 Volscos
983 4159 1016 4218 et
1039 4152 1172 4219 Sabinos
1201 4146 1253 4215 fu*-

82 4259 164 4342 gissa
188 4255 226 4340 (c.
252 4257 370 4342 XVII),
394 4250 480 4323 Curii
505 4259 636 4325 Dentati
665 4283 761 4345 opera
783 4261 888 4346 legem
904 4261 1061 4325 Maeniam
1077 4262 1177 4324 latanr
1190 4282 1254 4323 esse

83 4367 123 4450 (c.
135 4364 351 4446 XXXIHscfr.
362 4366 515 4434 Niebuhr.
523 4367 598 4433 hist.
606 4368 700 4433 Rom.
714 4370 796 4433 1832
806 4366 865 4433 ΙΙΙ.
876 4392 905 4453 p.
918 4369 1006 4449 493),
1020 4391 1038 4431 a
1053 4365 1151 4432 Decio
1161 4365 1252 4431 Mure
1281 4404 1284 4411 ·
