2954 5136
608 274 656 337 ‚-
704 238 759 304 11-
794 274 833 284 -

44 494 47 501 ,
138 429 178 495 de
202 431 259 496 vir.
282 431 327 498 111.
351 454 407 517 per
430 432 565 498 alterum
589 455 726 512 errorem
749 434 827 499 duas
849 413 921 500 illas
937 436 1151 509 accusationes
1167 437 1310 503 confudit

139 542 170 602 et
193 538 239 604 ita
262 537 375 604 Naevii
398 540 518 605 tribuni
540 541 584 625 pl.
607 563 723 606 nomen
740 543 940 628 .suppressit;
963 566 1027 628 qua
1043 566 1076 609 re
1092 548 1124 610 et
1138 543 1308 610 Mommse-

137 647 210 711 nius
233 651 264 712 et
287 646 450 713 Nissenius
473 649 598 739 decepti
621 671 688 715 esse
710 650 869 716 videntur.
1066 662 1067 667 ’

228 761 262 828 Si
283 764 383 848 igitur
406 787 461 843 ea,
494 753 576 848 quac
607 768 717 831 auctor
746 767 785 831 de
809 767 867 831 vir.
895 767 940 832 ill.
965 767 1003 832 de
1034 768 1084 833 die
1109 766 1309 853 Scipionibus
1374 832 1377 838 ,

138 870 224 936 dicta
246 871 392 952 tradidit,
424 873 463 936 ad
490 871 647 957 Nepotem
674 873 785 938 referri
815 875 948 953 debent,
983 873 1122 940 Nissenii
1151 877 1309 942 sententia

87 988 90 993 '
138 977 177 1041 de
200 977 350 1056 fontibus,
378 979 491 1062 quibus
514 977 622 1044 Livius
645 979 680 1044 in
703 981 871 1079 eadem're
894 982 1053 1047 narranda
1076 983 1229 1063 usus‘sit,
1259 1006 1308 1049 re·

138 1084 252 1169 dargui
277 1085 409 1150 videtur.
433 1085 482 1150 Hx
506 1087 637 1151 duorum
655 1087 740 1151 enim
754 1089 954 1173 scriptorum,
978 1088 1118 1154 Antiatis
1140 1093 1172 1153 et
1187 1088 1310 1155 Claudii
1444 1158 1447 1165 ,

137 1191 228 1255 libris
251 1191 376 1257 Liviam
400 1192 540 1258 hausisse
563 1216 621 1258 sua
643 1194 810 1276 iudicavit,
836 1218 972 1278 quorum
996 1197 1076 1261 alter
1099 1198 1195 1261 semel
1220 1187 1326 1262 Afri?

138 1320 218 1363 cano
241 1299 323 1364 diem
346 1300 462 1364 dictam
485 1323 560 1381 esse,
577 1300 697 1366 Literni
714 1324 786 1367 eum
801 1306 973 1382 mortuum,
999 1307 1071 1386 post
1093 1305 1159 1368 eius
1175 1308 1308 1368 mortem
1432 1308 1435 1313 ’

138 1404 315 1470 Asiaticum
337 1429 402 1472 esse
427 1392 608 1472 accusatum
623 1413 792 1489 narrasset,
817 1410 899 1473 alter
922 1414 953 1474 et
969 1410 1156 1488 Africanum
1181 1415 1214 1476 et
1237 1412 1308 1477 vivo

133 1520 176 1577 'co
199 1512 374 1578 Asiaticum
396 1535 483 1579 reum
507 1514 628 1580 factum
644 1515 826 1601 Romaeque
842 1511 1029 1581 Africanum
1045 1524 1179 1582 mortem
1196 1510 1308 1583 obiisse

137 1620 319 1703 scripsisset.
365 1620 439 1685 Jam
468 1604 701 1688 Mommsenius¹
718 1624 831 1686 merito
862 1622 952 1687 illam
982 1621 1172 1690 sententiam
1203 1625 1308 1709 impu-

139 1727 252 1810 gnavIt
274 1731 307 1793 et
330 1729 443 1811 capitis
460 1727 519 1793 LV
541 1729 615 1793 libri
631 1728 803 1794 XXXVIII
826 1731 923 1805 finem
945 1709 1010 1795 non
1033 1754 1072 1796 ex
1088 1730 1229 1810 Claudio,
1254 1733 1309 1796 sed

139 1855 177 1896 ex
201 1831 333 1917 Polybio
355 1836 548 1903 translatum
573 1858 638 1900 esse
670 1836 802 1901 coniecit
825 1835 947 1919 (Herm.
971 1835 996 1900 Ι.
1032 1860 1063 1921 p.
1097 1840 1189 1921 161);
1219 1839 1309 1922 equi·

139 1940 209 2004 dem
233 1941 288 2003 illa
311 1942 509 2024 potissimum
533 1943 573 2006 ad
596 1943 755 2008 ItutiIIum
778 1943 922 2022 referam,
948 1965 1040 2027 quem
1064 1946 1098 2009 in
1121 1950 1223 2009 morte
1241 1933 1308 2010 Sci·

138 2047 243 2130 pionis
266 2047 410 2112 Africani
432 2051 707 2115 commemoranda
724 2049 832 2115 Livius
848 2048 994 2116 XXXIX.
1011 2053 1053 2115 52
1071 2052 1190 2128 citavit.
1228 2050 1307 2116 (lum
1347 2087 1350 2095 ‹

71 2218 74 2222 .
139 2158 245 2218 autem
267 2155 349 2220 duae
377 2156 451 2220 illae
481 2157 697 2236 narrationes,
730 2179 808 2242 quas
830 2156 996 2222 Nissenius
1027 2158 1189 2237 (1111111111,
1223 2159 1308 2244 apud
1378 2141 1380 2146 ¹

138 2266 297 2326 auctorem
321 2267 482 2342 nostrum,
513 2263 545 2327 id
568 2268 617 2352 est
640 2263 813 2347 Nepotem,
843 2265 1018 2348 permixtae
1044 2265 1250 2330 inveniantur
1276 2271 1309 2330 et
1345 2247 1348 2253 ⁴

136 2357 300 2452 Nepotem⁸
318 2369 484 2434 verisimile
507 2370 549 2434 sit
572 2369 697 2435 Claudii
721 2372 851 2436 annales
874 2372 986 2436 adiisse
1010 2371 1080 2454 (cfr.
1096 2370 1222 2439 Nissen.
1248 2373 1269 2438 l.
1285 2374 1307 2437 1.

44 2500 48 2507 ’
137 2501 168 2562 p.
193 2476 282 2560 215),
295 2477 439 2561 equidem
462 2499 527 2540 non
550 2476 671 2556 dubito,
696 2478 782 2561 quiu,
799 2477 920 2566 Literni
944 2475 1122 2561 Scipionem
1145 2484 1307 2545 mortuum

138 2606 206 2650 esse
229 2589 261 2648 et
283 2583 430 2668 Valerius
453 2584 568 2648 Antias
599 2587 631 2648 et
654 2582 804 2649 Claudius
835 2585 1016 2663 tradiderit,
1049 2585 1168 2651 Itomae
1200 2591 1305 2651 autem

138 2679 321 2777 supremum
344 2691 426 2756 diem
450 2691 561 2756 obiisse
584 2691 674 2755 illum
705 2691 831 2756 aliunde
855 2691 962 2756 Livius
989 2692 1125 2776 petierit.
1152 2729 1192 2738 —
1216 2692 1308 2758 Oete-

137 2822 208 2864 rum
231 2802 408 2863 memoratu
431 2798 564 2884 dignum
592 2801 655 2878 est,
687 2803 846 2864 auctorem
878 2801 1041 2879 nostrum,
1071 2800 1127 2883 qui
1159 2798 1307 2891 Nissenio

137 2906 261 2970 Livium.
285 2905 472 2989 excerpsisse
494 2905 636 2991 videtur,
661 2905 730 2970 illas
754 2928 803 2972 res
826 2905 935 2971 eodem
957 2905 1024 2971 fere
1053 2909 1233 2990 temporum
1257 2929 1308 2972 or·
1375 2990 1380 3007 ,

138 3014 210 3079 dine
234 3017 434 3098 persecutum
457 3034 533 3091 esse,
558 3034 654 3095 quern
677 3011 841 3079 Nissenius
871 3013 987 3101 reiecta
1010 3012 1092 3077 Livii
1124 3014 1308 3078 narratione

138 3121 239 3208 magis
263 3142 334 3185 oum
355 3119 493 3184 historia·
511 3120 677 3184 convenire
700 3120 843 3184 coniecit.
934 3180 937 3186 ,
1155 3106 1157 3111 ’
1241 3116 1243 3122 ’

226 3236 320 3302 Nunc
353 3220 428 3300 vero
466 3237 503 3301 de
536 3235 623 3301 Julio
657 3235 788 3322 Hygino
827 3236 1019 3301 sententiam
1060 3237 1219 3315 ieramus,
1258 3238 1308 3301 cui
1340 3271 1345 3281 ·

141 3344 357 3410 Woelfflinius
380 3344 518 3408 auctoris
540 3343 642 3408 nostri
664 3343 779 3407 librum
803 3343 984 3407 vindicavit.
1032 3341 1156 3407 Revera
1179 3343 1307 3426 quidem

137 3452 302 3538 Hyginus,
333 3455 369 3515 ut
391 3450 609 3515 Woelfflinius
633 3451 748 3530 docuit,
766 3450 903 3515 Fabricii
925 3450 1024 3514 vitam
1040 3449 1216 3533 composuit
1236 3449 1306 3532 (cfr.

138 3561 218 3625 Gell.
241 3559 266 3624 I.
293 3559 357 3641 14),
383 3559 470 3624 cuius
494 3558 658 3622 severitas·
677 3557 716 3622 ab
744 3558 892 3642 Ampelio
924 3579 990 3642 cap.
1018 3557 1129 3622 XVIII
1160 3557 1307 3622 laudibus

139 3667 286 3760 effertur,
316 3669 412 3749 atque
435 3687 473 3729 ex
497 3665 608 3730 eodem
640 3665 714 3747 (nisi
747 3687 786 3730 ex
810 3662 915 3748 Oppio
947 3663 1092 3747 aliisque,
1111 3685 1204 3747 quos
1234 3663 1307 3729 Gel-

137 3775 199 3839 lius
224 3772 295 3838 VH.
323 3777 338 3836 1
363 3776 488 3857 praeter
511 3771 676 3863 Hyginum
699 3776 797 3836 testes
820 3770 940 3854 1111111)
973 3771 1094 3854 aliquot
1124 3771 1307 3836 narratiun-
1436 3790 1440 3796 ·

138 3883 223 3947 culas
245 3881 283 3945 de
306 3879 451 3966 Scipione
474 3879 627 3945 Africano
650 3880 771 3969 Gellius
796 3878 966 3962 excerpsit,
994 3874 1075 3961 qua'e
1103 3878 1215 3943 iisdem
1242 3877 1308 3943 fere

137 3987 241 4053 verbis
264 3990 384 4054 relatae
406 3988 491 4072 apud
514 3991 676 4053 auctorem
698 3987 736 4051 de
759 3986 817 4054 vir.
842 3987 887 4053 ill.
904 4008 930 4051 c.
948 3986 990 4050 58
1012 3986 1170 4071 leguntur.
1195 3983 1307 4069 Neque

137 4099 245 4160 tamen
268 4117 305 4160 ea
327 4118 361 4159 re
385 4093 603 4160 Woelfflinius
626 4095 713 4159 aliud
737 4099 895 4158 assecutus
918 4115 986 4159 esse
1017 4092 1156 4171 videtur,
1187 4094 1248 4158 nisi
1271 4098 1309 4157 ut

138 4203 333 4289 argumentis
356 4203 512 4280 firmaret,
542 4201 574 4265 id
598 4201 683 4284 quod
706 4223 725 4264 a
747 4200 846 4284 priori
874 4201 1043 4265 verisimile
1071 4192 1153 4278 erat,
1185 4199 1307 4265 Julium

138 4309 304 4394 Hyginum
328 4309 360 4372 in
384 4310 481 4374 libros
505 4331 579 4374 suos
601 4307 805 4390 de‘eaemplts
828 4309 913 4397 etde
928 4308 1011 4373 uiris
1026 4307 1203 4374 illustribus
1222 4329 1307 4373 com-
