<?xml version="1.0" encoding="UTF-8"?>
<!DOCTYPE html PUBLIC "-//W3C//DTD XHTML 1.0 Transitional//EN"
    "http://www.w3.org/TR/xhtml1/DTD/xhtml1-transitional.dtd">
<html xmlns="http://www.w3.org/1999/xhtml" xml:lang="en" lang="en">
 <head>
  <title>
</title>
<meta http-equiv="Content-Type" content="text/html;charset=utf-8" />
  <meta name='ocr-system' content='tesseract 3.04.00' />
  <meta name='ocr-capabilities' content='ocr_page ocr_carea ocr_par ocr_line ocrx_word'/>
</head>
<body>
  <div class='ocr_page' id='page_1' title='image "./deauctorisdevir00haupgoog_0047.png"; bbox 0 0 2954 5136; ppageno 0'>
   <div class='ocr_carea' id='block_1_1' title="bbox 702 240 915 303">
    <p class='ocr_par' dir='ltr' id='par_1_1' title="bbox 702 240 915 303">
     <span class='ocr_line' id='line_1_1' title="bbox 702 240 915 303; baseline 0.009 -18"><span class='ocrx_word' id='word_1_1' title='bbox 702 240 915 303; x_wconf 74' lang='grc'><strong>..40-</strong></span> 
     </span>
    </p>
   </div>
   <div class='ocr_carea' id='block_1_2' title="bbox 191 431 1407 2440">
    <p class='ocr_par' dir='ltr' id='par_1_2' title="bbox 220 431 1407 1373">
     <span class='ocr_line' id='line_1_2' title="bbox 221 431 1405 520; baseline -0.003 -22"><span class='ocrx_word' id='word_1_2' title='bbox 221 457 347 520; x_wconf 90' lang='lat' dir='ltr'>quoque</span> <span class='ocrx_word' id='word_1_3' title='bbox 370 435 452 499; x_wconf 90' lang='lat' dir='ltr'>vitas</span> <span class='ocrx_word' id='word_1_4' title='bbox 475 436 564 498; x_wconf 90' lang='lat' dir='ltr'>totas</span> <span class='ocrx_word' id='word_1_5' title='bbox 587 434 716 499; x_wconf 85' lang='lat' dir='ltr'>aliunde</span> <span class='ocrx_word' id='word_1_6' title='bbox 739 433 856 517; x_wconf 85' lang='lat' dir='ltr'>petitas</span> <span class='ocrx_word' id='word_1_7' title='bbox 879 438 912 498; x_wconf 91' lang='lat' dir='ltr'>et</span> <span class='ocrx_word' id='word_1_8' title='bbox 934 433 1070 515; x_wconf 89' lang='lat' dir='ltr'>plurima</span> <span class='ocrx_word' id='word_1_9' title='bbox 1100 433 1216 497; x_wconf 90' lang='lat' dir='ltr'>menda</span> <span class='ocrx_word' id='word_1_10' title='bbox 1242 433 1280 497; x_wconf 91' lang='lat' dir='ltr'>in</span> <span class='ocrx_word' id='word_1_11' title='bbox 1309 431 1405 496; x_wconf 92' lang='lat' dir='ltr'>illum</span> 
     </span>
     <span class='ocr_line' id='line_1_3' title="bbox 220 539 1406 626; baseline -0.003 -20"><span class='ocrx_word' id='word_1_12' title='bbox 220 542 335 607; x_wconf 90' lang='lat' dir='ltr'>librum</span> <span class='ocrx_word' id='word_1_13' title='bbox 376 541 544 624; x_wconf 83' lang='lat' dir='ltr'>irrepsisse.</span> <span class='ocrx_word' id='word_1_14' title='bbox 603 539 652 604; x_wconf 82' lang='lat' dir='ltr'>Ex</span> <span class='ocrx_word' id='word_1_15' title='bbox 684 541 744 604; x_wconf 88' lang='lat' dir='ltr'>hoe</span> <span class='ocrx_word' id='word_1_16' title='bbox 783 541 883 626; x_wconf 87' lang='lat' dir='ltr'>igitur</span> <span class='ocrx_word' id='word_1_17' title='bbox 921 562 1030 623; x_wconf 89' lang='lat' dir='ltr'>opere,</span> <span class='ocrx_word' id='word_1_18' title='bbox 1077 541 1164 606; x_wconf 89' lang='lat' dir='ltr'>cuius</span> <span class='ocrx_word' id='word_1_19' title='bbox 1190 540 1406 625; x_wconf 84' lang='lat' dir='ltr'>perexiguam</span> 
     </span>
     <span class='ocr_line' id='line_1_4' title="bbox 220 645 1404 733; baseline -0.003 -21"><span class='ocrx_word' id='word_1_20' title='bbox 220 651 345 733; x_wconf 89' lang='lat' dir='ltr'>partem</span> <span class='ocrx_word' id='word_1_21' title='bbox 383 670 440 712; x_wconf 92' lang='lat' dir='ltr'>nos</span> <span class='ocrx_word' id='word_1_22' title='bbox 484 649 638 731; x_wconf 90' lang='lat' dir='ltr'>reliquam</span> <span class='ocrx_word' id='word_1_23' title='bbox 676 647 845 725; x_wconf 87' lang='lat' dir='ltr'>habemus,</span> <span class='ocrx_word' id='word_1_24' title='bbox 885 647 1050 732; x_wconf 88' lang='lat' dir='ltr'>Ampelius</span> <span class='ocrx_word' id='word_1_25' title='bbox 1089 648 1145 712; x_wconf 90' lang='lat' dir='ltr'>illa</span> <span class='ocrx_word' id='word_1_26' title='bbox 1186 645 1404 731; x_wconf 78' lang='lat' dir='ltr'>deprompsit,</span> 
     </span>
     <span class='ocr_line' id='line_1_5' title="bbox 223 752 1405 839; baseline -0.002 -21"><span class='ocrx_word' id='word_1_27' title='bbox 223 777 304 839; x_wconf 89' lang='lat' dir='ltr'>quae</span> <span class='ocrx_word' id='word_1_28' title='bbox 319 756 357 820; x_wconf 89' lang='lat' dir='ltr'>de</span> <span class='ocrx_word' id='word_1_29' title='bbox 373 755 504 819; x_wconf 87' lang='lat' dir='ltr'>ducibus</span> <span class='ocrx_word' id='word_1_30' title='bbox 520 753 772 831; x_wconf 78' lang='lat' dir='ltr'>Atheniensium,</span> <span class='ocrx_word' id='word_1_31' title='bbox 797 752 1127 833; x_wconf 81' lang='lat' dir='ltr'>Lacedaemoniorum,</span> <span class='ocrx_word' id='word_1_32' title='bbox 1151 753 1405 838; x_wconf 81' lang='lat' dir='ltr'>Carthaginien·</span> 
     </span>
     <span class='ocr_line' id='line_1_6' title="bbox 223 859 1407 945; baseline -0.002 -20"><span class='ocrx_word' id='word_1_33' title='bbox 223 862 314 940; x_wconf 90' lang='lat' dir='ltr'>sium,</span> <span class='ocrx_word' id='word_1_34' title='bbox 332 861 370 925; x_wconf 90' lang='lat' dir='ltr'>de</span> <span class='ocrx_word' id='word_1_35' title='bbox 386 861 527 939; x_wconf 90' lang='lat' dir='ltr'>ducibus,</span> <span class='ocrx_word' id='word_1_36' title='bbox 553 861 629 924; x_wconf 92' lang='lat' dir='ltr'>viris</span> <span class='ocrx_word' id='word_1_37' title='bbox 641 860 786 940; x_wconf 82' lang='lat' dir='ltr'>fortibus,</span> <span class='ocrx_word' id='word_1_38' title='bbox 810 860 954 927; x_wconf 84' lang='lat' dir='ltr'>hostibus</span> <span class='ocrx_word' id='word_1_39' title='bbox 969 859 1198 938; x_wconf 86' lang='lat' dir='ltr'>Romanorum,</span> <span class='ocrx_word' id='word_1_40' title='bbox 1215 861 1253 924; x_wconf 94' lang='lat' dir='ltr'>de</span> <span class='ocrx_word' id='word_1_41' title='bbox 1269 860 1407 945; x_wconf 87' lang='lat' dir='ltr'>regibus</span> 
     </span>
     <span class='ocr_line' id='line_1_7' title="bbox 223 967 1404 1052; baseline -0.003 -20"><span class='ocrx_word' id='word_1_42' title='bbox 223 969 439 1032; x_wconf 86' lang='lat' dir='ltr'>Romanorum</span> <span class='ocrx_word' id='word_1_43' title='bbox 468 972 500 1031; x_wconf 92' lang='lat' dir='ltr'>et</span> <span class='ocrx_word' id='word_1_44' title='bbox 531 972 712 1033; x_wconf 84' lang='lat' dir='ltr'>exterarum</span> <span class='ocrx_word' id='word_1_45' title='bbox 735 967 881 1052; x_wconf 87' lang='lat' dir='ltr'>gentium</span> <span class='ocrx_word' id='word_1_46' title='bbox 904 967 1006 1032; x_wconf 85' lang='lat' dir='ltr'>relata</span> <span class='ocrx_word' id='word_1_47' title='bbox 1030 969 1114 1052; x_wconf 89' lang='lat' dir='ltr'>apud</span> <span class='ocrx_word' id='word_1_48' title='bbox 1138 990 1209 1032; x_wconf 92' lang='lat' dir='ltr'>eum</span> <span class='ocrx_word' id='word_1_49' title='bbox 1233 968 1404 1051; x_wconf 82' lang='lat' dir='ltr'>leguntur.</span> 
     </span>
     <span class='ocr_line' id='line_1_8' title="bbox 223 1073 1406 1158; baseline -0.001 -20"><span class='ocrx_word' id='word_1_50' title='bbox 223 1075 335 1158; x_wconf 89' lang='lat' dir='ltr'>ltaque</span> <span class='ocrx_word' id='word_1_51' title='bbox 359 1076 405 1153; x_wconf 92' lang='lat' dir='ltr'>fit,</span> <span class='ocrx_word' id='word_1_52' title='bbox 430 1078 467 1138; x_wconf 90' lang='lat' dir='ltr'>ut</span> <span class='ocrx_word' id='word_1_53' title='bbox 490 1073 674 1157; x_wconf 84' lang='lat' dir='ltr'>Ampelium</span> <span class='ocrx_word' id='word_1_54' title='bbox 697 1078 730 1138; x_wconf 89' lang='lat' dir='ltr'>et</span> <span class='ocrx_word' id='word_1_55' title='bbox 752 1078 915 1139; x_wconf 74' lang='lat' dir='ltr'>auctorem</span> <span class='ocrx_word' id='word_1_56' title='bbox 938 1075 976 1138; x_wconf 91' lang='lat' dir='ltr'>de</span> <span class='ocrx_word' id='word_1_57' title='bbox 999 1075 1056 1138; x_wconf 93' lang='lat' dir='ltr'>vir.</span> <span class='ocrx_word' id='word_1_58' title='bbox 1081 1074 1126 1138; x_wconf 96' lang='grc'><strong>111.</strong></span> <span class='ocrx_word' id='word_1_59' title='bbox 1159 1075 1197 1138; x_wconf 92' lang='lat' dir='ltr'>de</span> <span class='ocrx_word' id='word_1_60' title='bbox 1232 1074 1333 1139; x_wconf 83' lang='lat' dir='ltr'>rebus</span> <span class='ocrx_word' id='word_1_61' title='bbox 1361 1074 1406 1137; x_wconf 86' lang='lat' dir='ltr'>ab</span> 
     </span>
     <span class='ocr_line' id='line_1_9' title="bbox 223 1180 1406 1268; baseline -0.002 -22"><span class='ocrx_word' id='word_1_62' title='bbox 223 1180 405 1246; x_wconf 82' lang='lat' dir='ltr'>Hannibale</span> <span class='ocrx_word' id='word_1_63' title='bbox 428 1181 527 1266; x_wconf 87' lang='lat' dir='ltr'>gestis</span> <span class='ocrx_word' id='word_1_64' title='bbox 551 1180 647 1265; x_wconf 88' lang='lat' dir='ltr'>plane</span> <span class='ocrx_word' id='word_1_65' title='bbox 670 1181 845 1246; x_wconf 80' lang='lat' dir='ltr'>dissentire</span> <span class='ocrx_word' id='word_1_66' title='bbox 859 1185 890 1245; x_wconf 89' lang='lat' dir='ltr'>et</span> <span class='ocrx_word' id='word_1_67' title='bbox 914 1181 998 1268; x_wconf 87' lang='lat' dir='ltr'>apud</span> <span class='ocrx_word' id='word_1_68' title='bbox 1022 1185 1194 1265; x_wconf 90' lang='lat' dir='ltr'>utrumque</span> <span class='ocrx_word' id='word_1_69' title='bbox 1208 1181 1406 1264; x_wconf 83' lang='lat' dir='ltr'>scriptorem</span> 
     </span>
     <span class='ocr_line' id='line_1_10' title="bbox 224 1286 1364 1373; baseline -0.001 -20"><span class='ocrx_word' id='word_1_70' title='bbox 224 1289 350 1353; x_wconf 91' lang='lat' dir='ltr'>eosdem</span> <span class='ocrx_word' id='word_1_71' title='bbox 374 1309 494 1373; x_wconf 86' lang='lat' dir='ltr'>errores</span> <span class='ocrx_word' id='word_1_72' title='bbox 518 1292 641 1354; x_wconf 86' lang='lat' dir='ltr'>exstare</span> <span class='ocrx_word' id='word_1_73' title='bbox 665 1288 826 1352; x_wconf 87' lang='lat' dir='ltr'>videamus</span> <span class='ocrx_word' id='word_1_74' title='bbox 849 1288 980 1353; x_wconf 91' lang='lat' dir='ltr'>minime</span> <span class='ocrx_word' id='word_1_75' title='bbox 1003 1286 1122 1372; x_wconf 87' lang='lat' dir='ltr'>Nepoti</span> <span class='ocrx_word' id='word_1_76' title='bbox 1146 1287 1364 1372; x_wconf 86' lang='lat' dir='ltr'>imputandos.</span> 
     </span>
    </p>

    <p class='ocr_par' dir='ltr' id='par_1_3' title="bbox 224 1393 1406 2225">
     <span class='ocr_line' id='line_1_11' title="bbox 312 1393 1406 1479; baseline 0 -21"><span class='ocrx_word' id='word_1_77' title='bbox 312 1393 424 1478; x_wconf 89' lang='lat' dir='ltr'>Neque</span> <span class='ocrx_word' id='word_1_78' title='bbox 453 1399 560 1459; x_wconf 89' lang='lat' dir='ltr'>tamen</span> <span class='ocrx_word' id='word_1_79' title='bbox 591 1395 694 1478; x_wconf 85' lang='lat' dir='ltr'>ipsam</span> <span class='ocrx_word' id='word_1_80' title='bbox 724 1393 812 1459; x_wconf 92' lang='lat' dir='ltr'>illam</span> <span class='ocrx_word' id='word_1_81' title='bbox 846 1395 1006 1479; x_wconf 87' lang='lat' dir='ltr'>epitomen</span> <span class='ocrx_word' id='word_1_82' title='bbox 1031 1393 1250 1459; x_wconf 81' lang='lat' dir='ltr'>Cornelianam</span> <span class='ocrx_word' id='word_1_83' title='bbox 1283 1399 1406 1459; x_wconf 86' lang='lat' dir='ltr'>auctor</span> 
     </span>
     <span class='ocr_line' id='line_1_12' title="bbox 224 1501 1406 1587; baseline 0 -21"><span class='ocrx_word' id='word_1_84' title='bbox 224 1506 333 1566; x_wconf 90' lang='lat' dir='ltr'>noster</span> <span class='ocrx_word' id='word_1_85' title='bbox 356 1502 416 1566; x_wconf 87' lang='lat' dir='ltr'>fide</span> <span class='ocrx_word' id='word_1_86' title='bbox 440 1524 476 1566; x_wconf 88' lang='lat' dir='ltr'>ae</span> <span class='ocrx_word' id='word_1_87' title='bbox 499 1501 667 1587; x_wconf 86' lang='lat' dir='ltr'>diligenter</span> <span class='ocrx_word' id='word_1_88' title='bbox 690 1503 861 1586; x_wconf 82' lang='lat' dir='ltr'>excerpsit,</span> <span class='ocrx_word' id='word_1_89' title='bbox 896 1502 949 1567; x_wconf 91' lang='lat' dir='ltr'>sed</span> <span class='ocrx_word' id='word_1_90' title='bbox 972 1502 1070 1565; x_wconf 90' lang='lat' dir='ltr'>fontis</span> <span class='ocrx_word' id='word_1_91' title='bbox 1099 1501 1147 1565; x_wconf 90' lang='lat' dir='ltr'>sui</span> <span class='ocrx_word' id='word_1_92' title='bbox 1176 1523 1295 1565; x_wconf 88' lang='lat' dir='ltr'>errores</span> <span class='ocrx_word' id='word_1_93' title='bbox 1329 1501 1406 1566; x_wconf 86' lang='lat' dir='ltr'>aliis</span> 
     </span>
     <span class='ocr_line' id='line_1_13' title="bbox 225 1607 1404 1693; baseline 0.001 -20"><span class='ocrx_word' id='word_1_94' title='bbox 225 1609 383 1673; x_wconf 89' lang='lat' dir='ltr'>erroribus</span> <span class='ocrx_word' id='word_1_95' title='bbox 407 1609 600 1684; x_wconf 82' lang='lat' dir='ltr'>cumulavit3</span> <span class='ocrx_word' id='word_1_96' title='bbox 626 1609 728 1692; x_wconf 83' lang='lat' dir='ltr'>(velut</span> <span class='ocrx_word' id='word_1_97' title='bbox 750 1609 785 1673; x_wconf 91' lang='lat' dir='ltr'>in</span> <span class='ocrx_word' id='word_1_98' title='bbox 807 1609 910 1692; x_wconf 91' lang='lat' dir='ltr'>capite</span> <span class='ocrx_word' id='word_1_99' title='bbox 937 1608 1061 1673; x_wconf 82' lang='lat' dir='ltr'>XXXII</span> <span class='ocrx_word' id='word_1_100' title='bbox 1088 1630 1232 1693; x_wconf 84' lang='lat' dir='ltr'>perverse</span> <span class='ocrx_word' id='word_1_101' title='bbox 1261 1607 1404 1674; x_wconf 82' lang='lat' dir='ltr'>Fabium</span> 
     </span>
     <span class='ocr_line' id='line_1_14' title="bbox 225 1710 1404 1792; baseline 0.001 -13"><span class='ocrx_word' id='word_1_102' title='bbox 225 1716 411 1780; x_wconf 86' lang='lat' dir='ltr'>Rullianum</span> <span class='ocrx_word' id='word_1_103' title='bbox 434 1715 469 1780; x_wconf 85' lang='lat' dir='ltr'>ob</span> <span class='ocrx_word' id='word_1_104' title='bbox 493 1718 638 1780; x_wconf 77' lang='lat' dir='ltr'>virtatem</span> <span class='ocrx_word' id='word_1_105' title='bbox 667 1715 843 1779; x_wconf 87' lang='lat' dir='ltr'>Maximum</span> <span class='ocrx_word' id='word_1_106' title='bbox 871 1715 991 1780; x_wconf 89' lang='lat' dir='ltr'>dictum</span> <span class='ocrx_word' id='word_1_107' title='bbox 1019 1737 1084 1779; x_wconf 90' lang='lat' dir='ltr'>esse</span> <span class='ocrx_word' id='word_1_108' title='bbox 1114 1710 1291 1792; x_wconf 88' lang='lat' dir='ltr'>contendit,</span> <span class='ocrx_word' id='word_1_109' title='bbox 1328 1737 1404 1780; x_wconf 91' lang='lat' dir='ltr'>cum</span> 
     </span>
     <span class='ocr_line' id='line_1_15' title="bbox 226 1821 1406 1908; baseline 0.002 -23"><span class='ocrx_word' id='word_1_110' title='bbox 226 1822 390 1905; x_wconf 80' lang='lat' dir='ltr'>Ampelius</span> <span class='ocrx_word' id='word_1_111' title='bbox 412 1823 513 1886; x_wconf 92' lang='lat' dir='ltr'>multo</span> <span class='ocrx_word' id='word_1_112' title='bbox 536 1822 651 1887; x_wconf 87' lang='lat' dir='ltr'>rectius</span> <span class='ocrx_word' id='word_1_113' title='bbox 673 1822 743 1886; x_wconf 91' lang='lat' dir='ltr'>ideo</span> <span class='ocrx_word' id='word_1_114' title='bbox 760 1821 859 1887; x_wconf 80' lang='lat' dir='ltr'>Fabio</span> <span class='ocrx_word' id='word_1_115' title='bbox 881 1822 960 1887; x_wconf 92' lang='lat' dir='ltr'>illud</span> <span class='ocrx_word' id='word_1_116' title='bbox 985 1844 1159 1908; x_wconf 85' lang='lat' dir='ltr'>cognomen</span> <span class='ocrx_word' id='word_1_117' title='bbox 1176 1822 1316 1887; x_wconf 92' lang='lat' dir='ltr'>inditum</span> <span class='ocrx_word' id='word_1_118' title='bbox 1334 1844 1406 1887; x_wconf 89' lang='lat' dir='ltr'>esse</span> 
     </span>
     <span class='ocr_line' id='line_1_16' title="bbox 224 1928 1406 2013; baseline 0.001 -19"><span class='ocrx_word' id='word_1_119' title='bbox 224 1929 352 2007; x_wconf 89' lang='lat' dir='ltr'>referat,</span> <span class='ocrx_word' id='word_1_120' title='bbox 378 1929 462 2011; x_wconf 93' lang='lat' dir='ltr'>quod</span> <span class='ocrx_word' id='word_1_121' title='bbox 485 1928 650 1994; x_wconf 90' lang='lat' dir='ltr'>libertinos</span> <span class='ocrx_word' id='word_1_122' title='bbox 673 1929 707 1992; x_wconf 89' lang='lat' dir='ltr'>in</span> <span class='ocrx_word' id='word_1_123' title='bbox 731 1928 777 1992; x_wconf 91' lang='lat' dir='ltr'>IV</span> <span class='ocrx_word' id='word_1_124' title='bbox 800 1930 939 1993; x_wconf 89' lang='lat' dir='ltr'>urbanas</span> <span class='ocrx_word' id='word_1_125' title='bbox 962 1930 1111 1994; x_wconf 90' lang='lat' dir='ltr'>tribunus</span> <span class='ocrx_word' id='word_1_126' title='bbox 1135 1930 1304 1994; x_wconf 88' lang='lat' dir='ltr'>coniecerit</span> <span class='ocrx_word' id='word_1_127' title='bbox 1330 1929 1406 2013; x_wconf 83' lang='lat' dir='ltr'>(cfr.</span> 
     </span>
     <span class='ocr_line' id='line_1_17' title="bbox 225 2035 1404 2121; baseline 0.002 -22"><span class='ocrx_word' id='word_1_128' title='bbox 225 2036 292 2100; x_wconf 87' lang='lat' dir='ltr'>Liv.</span> <span class='ocrx_word' id='word_1_129' title='bbox 318 2035 374 2104; x_wconf 90' lang='lat' dir='ltr'>IX.</span> <span class='ocrx_word' id='word_1_130' title='bbox 399 2037 471 2118; x_wconf 83' lang='lat'>46);</span> <span class='ocrx_word' id='word_1_131' title='bbox 494 2036 527 2100; x_wconf 91' lang='lat' dir='ltr'>in</span> <span class='ocrx_word' id='word_1_132' title='bbox 552 2057 614 2118; x_wconf 98' lang='lat' dir='ltr'>qua</span> <span class='ocrx_word' id='word_1_133' title='bbox 637 2040 745 2103; x_wconf 87' lang='lat' dir='ltr'>tamen</span> <span class='ocrx_word' id='word_1_134' title='bbox 769 2058 803 2100; x_wconf 91' lang='lat' dir='ltr'>re</span> <span class='ocrx_word' id='word_1_135' title='bbox 825 2036 1012 2120; x_wconf 89' lang='lat' dir='ltr'>exponenda</span> <span class='ocrx_word' id='word_1_136' title='bbox 1038 2038 1105 2121; x_wconf 89' lang='lat' dir='ltr'>ipse</span> <span class='ocrx_word' id='word_1_137' title='bbox 1128 2035 1294 2120; x_wconf 81' lang='lat' dir='ltr'>Ampelius</span> <span class='ocrx_word' id='word_1_138' title='bbox 1327 2059 1404 2101; x_wconf 88' lang='lat' dir='ltr'>cum</span> 
     </span>
     <span class='ocr_line' id='line_1_18' title="bbox 226 2141 756 2225; baseline 0.002 -19"><span class='ocrx_word' id='word_1_139' title='bbox 226 2147 355 2207; x_wconf 89' lang='lat' dir='ltr'>auctore</span> <span class='ocrx_word' id='word_1_140' title='bbox 378 2142 417 2206; x_wconf 92' lang='lat' dir='ltr'>de</span> <span class='ocrx_word' id='word_1_141' title='bbox 440 2142 498 2207; x_wconf 86' lang='lat' dir='ltr'>vir.</span> <span class='ocrx_word' id='word_1_142' title='bbox 521 2141 566 2208; x_wconf 88' lang='lat' dir='ltr'>ill.</span> <span class='ocrx_word' id='word_1_143' title='bbox 592 2142 756 2225; x_wconf 82' lang='lat' dir='ltr'>peccavit).</span> 
     </span>
    </p>

    <p class='ocr_par' dir='ltr' id='par_1_4' title="bbox 191 2247 1404 2440">
     <span class='ocr_line' id='line_1_19' title="bbox 315 2247 1404 2334; baseline 0.001 -21"><span class='ocrx_word' id='word_1_144' title='bbox 315 2248 407 2313; x_wconf 92' lang='lat' dir='ltr'>Unde</span> <span class='ocrx_word' id='word_1_145' title='bbox 431 2249 543 2327; x_wconf 88' lang='lat' dir='ltr'>evenit,</span> <span class='ocrx_word' id='word_1_146' title='bbox 568 2253 606 2313; x_wconf 92' lang='lat' dir='ltr'>ut</span> <span class='ocrx_word' id='word_1_147' title='bbox 629 2248 791 2313; x_wconf 80' lang='lat' dir='ltr'>Cornelius</span> <span class='ocrx_word' id='word_1_148' title='bbox 814 2248 936 2333; x_wconf 84' lang='lat' dir='ltr'>Nepos,</span> <span class='ocrx_word' id='word_1_149' title='bbox 961 2249 1049 2313; x_wconf 87' lang='lat' dir='ltr'>cuius</span> <span class='ocrx_word' id='word_1_150' title='bbox 1072 2247 1222 2334; x_wconf 81' lang='lat' dir='ltr'>magnam</span> <span class='ocrx_word' id='word_1_151' title='bbox 1245 2250 1280 2313; x_wconf 91' lang='lat' dir='ltr'>in</span> <span class='ocrx_word' id='word_1_152' title='bbox 1303 2251 1404 2316; x_wconf 89' lang='lat' dir='ltr'>rebus</span> 
     </span>
     <span class='ocr_line' id='line_1_20' title="bbox 191 2355 1404 2440; baseline 0.002 -21"><span class='ocrx_word' id='word_1_153' title='bbox 191 2406 194 2413; x_wconf 91' lang='lat'>.</span> <span class='ocrx_word' id='word_1_154' title='bbox 226 2356 393 2421; x_wconf 86' lang='lat' dir='ltr'>narrandis</span> <span class='ocrx_word' id='word_1_155' title='bbox 415 2355 615 2440; x_wconf 85' lang='lat' dir='ltr'>diligentiam</span> <span class='ocrx_word' id='word_1_156' title='bbox 638 2360 734 2438; x_wconf 86' lang='lat' dir='ltr'>atque</span> <span class='ocrx_word' id='word_1_157' title='bbox 756 2355 911 2420; x_wconf 89' lang='lat' dir='ltr'>sinceram</span> <span class='ocrx_word' id='word_1_158' title='bbox 933 2355 1027 2420; x_wconf 91' lang='lat' dir='ltr'>fidem</span> <span class='ocrx_word' id='word_1_159' title='bbox 1058 2355 1119 2419; x_wconf 88' lang='lat' dir='ltr'>viri</span> <span class='ocrx_word' id='word_1_160' title='bbox 1151 2355 1236 2420; x_wconf 88' lang='lat' dir='ltr'>docti</span> <span class='ocrx_word' id='word_1_161' title='bbox 1268 2357 1404 2422; x_wconf 90' lang='lat' dir='ltr'>summis</span> 
     </span>
    </p>
   </div>
   <div class='ocr_carea' id='block_1_3' title="bbox 35 2452 1404 2547">
    <p class='ocr_par' dir='ltr' id='par_1_5' title="bbox 35 2452 1404 2547">
     <span class='ocr_line' id='line_1_21' title="bbox 35 2452 1404 2547; baseline -0.001 -19"><span class='ocrx_word' id='word_1_162' title='bbox 35 2504 39 2513; x_wconf 89' lang='lat'><em>·</em></span> <span class='ocrx_word' id='word_1_163' title='bbox 92 2452 96 2457; x_wconf 41' lang='lat'>¹</span> <span class='ocrx_word' id='word_1_164' title='bbox 225 2463 374 2528; x_wconf 88' lang='lat' dir='ltr'>laudibus</span> <span class='ocrx_word' id='word_1_165' title='bbox 391 2464 574 2527; x_wconf 85' lang='lat' dir='ltr'>extulerunt</span> <span class='ocrx_word' id='word_1_166' title='bbox 590 2462 660 2544; x_wconf 85' lang='lat' dir='ltr'>(cfr.</span> <span class='ocrx_word' id='word_1_167' title='bbox 678 2461 832 2526; x_wconf 85' lang='lat' dir='ltr'>Rinckius</span> <span class='ocrx_word' id='word_1_168' title='bbox 850 2463 971 2547; x_wconf 85' lang='lat' dir='ltr'>proleg.</span> <span class='ocrx_word' id='word_1_169' title='bbox 989 2464 1028 2528; x_wconf 85' lang='lat' dir='ltr'>ad</span> <span class='ocrx_word' id='word_1_170' title='bbox 1044 2461 1157 2529; x_wconf 84' lang='lat' dir='ltr'>Aemil.</span> <span class='ocrx_word' id='word_1_171' title='bbox 1176 2462 1267 2528; x_wconf 90' lang='lat' dir='ltr'>Prob.</span> <span class='ocrx_word' id='word_1_172' title='bbox 1284 2486 1314 2547; x_wconf 92' lang='lat' dir='ltr'>p.</span> <span class='ocrx_word' id='word_1_173' title='bbox 1332 2464 1404 2547; x_wconf 82' lang='grc'>48),</span> 
     </span>
    </p>
   </div>
   <div class='ocr_carea' id='block_1_4' title="bbox 227 2567 1405 3512">
    <p class='ocr_par' dir='ltr' id='par_1_6' title="bbox 227 2567 1405 3512">
     <span class='ocr_line' id='line_1_22' title="bbox 227 2567 1404 2654; baseline 0 -19"><span class='ocrx_word' id='word_1_174' title='bbox 227 2571 329 2635; x_wconf 89' lang='lat' dir='ltr'>nostri</span> <span class='ocrx_word' id='word_1_175' title='bbox 354 2570 492 2634; x_wconf 90' lang='lat' dir='ltr'>auctoris</span> <span class='ocrx_word' id='word_1_176' title='bbox 515 2569 622 2634; x_wconf 91' lang='lat' dir='ltr'>libello</span> <span class='ocrx_word' id='word_1_177' title='bbox 645 2569 699 2635; x_wconf 81' lang='lat' dir='ltr'>vix</span> <span class='ocrx_word' id='word_1_178' title='bbox 721 2573 922 2654; x_wconf 86' lang='lat' dir='ltr'>agnoscatur.</span> <span class='ocrx_word' id='word_1_179' title='bbox 970 2567 1081 2652; x_wconf 84' lang='lat' dir='ltr'>Neque</span> <span class='ocrx_word' id='word_1_180' title='bbox 1104 2572 1213 2634; x_wconf 85' lang='lat' dir='ltr'>tamen</span> <span class='ocrx_word' id='word_1_181' title='bbox 1229 2592 1265 2634; x_wconf 89' lang='lat' dir='ltr'>ea</span> <span class='ocrx_word' id='word_1_182' title='bbox 1281 2592 1404 2635; x_wconf 88' lang='lat' dir='ltr'>recum</span> 
     </span>
     <span class='ocr_line' id='line_1_23' title="bbox 227 2676 1404 2761; baseline 0.003 -21"><span class='ocrx_word' id='word_1_183' title='bbox 227 2678 315 2742; x_wconf 89' lang='lat' dir='ltr'>falsis</span> <span class='ocrx_word' id='word_1_184' title='bbox 338 2680 370 2740; x_wconf 92' lang='lat' dir='ltr'>et</span> <span class='ocrx_word' id='word_1_185' title='bbox 392 2677 531 2760; x_wconf 90' lang='lat' dir='ltr'>peccatis</span> <span class='ocrx_word' id='word_1_186' title='bbox 555 2681 587 2740; x_wconf 92' lang='lat' dir='ltr'>et</span> <span class='ocrx_word' id='word_1_187' title='bbox 610 2677 676 2755; x_wconf 86' lang='lat' dir='ltr'>illa,</span> <span class='ocrx_word' id='word_1_188' title='bbox 701 2698 783 2761; x_wconf 88' lang='lat' dir='ltr'>quae</span> <span class='ocrx_word' id='word_1_189' title='bbox 805 2680 882 2741; x_wconf 91' lang='lat' dir='ltr'>sunt</span> <span class='ocrx_word' id='word_1_190' title='bbox 904 2698 980 2741; x_wconf 86' lang='lat' dir='ltr'>vera</span> <span class='ocrx_word' id='word_1_191' title='bbox 1002 2677 1036 2741; x_wconf 92' lang='lat' dir='ltr'>in</span> <span class='ocrx_word' id='word_1_192' title='bbox 1060 2679 1199 2742; x_wconf 86' lang='lat' dir='ltr'>auctoris</span> <span class='ocrx_word' id='word_1_193' title='bbox 1211 2677 1257 2741; x_wconf 90' lang='lat' dir='ltr'>de</span> <span class='ocrx_word' id='word_1_194' title='bbox 1272 2676 1332 2740; x_wconf 85' lang='lat' dir='ltr'>vir.</span> <span class='ocrx_word' id='word_1_195' title='bbox 1355 2679 1404 2744; x_wconf 81' lang='grc'><strong>111.</strong></span> 
     </span>
     <span class='ocr_line' id='line_1_24' title="bbox 227 2769 1405 2875; baseline 0.003 -28"><span class='ocrx_word' id='word_1_196' title='bbox 227 2785 308 2847; x_wconf 91' lang='lat' dir='ltr'>libro</span> <span class='ocrx_word' id='word_1_197' title='bbox 331 2805 460 2867; x_wconf 90' lang='lat' dir='ltr'>prorsus</span> <span class='ocrx_word' id='word_1_198' title='bbox 484 2769 723 2848; x_wconf 87' lang='lat' dir='ltr'>contemnemus</span> <span class='ocrx_word' id='word_1_199' title='bbox 739 2787 772 2847; x_wconf 91' lang='lat' dir='ltr'>et</span> <span class='ocrx_word' id='word_1_200' title='bbox 796 2783 974 2863; x_wconf 89' lang='lat' dir='ltr'>abioiemus,</span> <span class='ocrx_word' id='word_1_201' title='bbox 991 2806 1064 2848; x_wconf 90' lang='lat' dir='ltr'>cum</span> <span class='ocrx_word' id='word_1_202' title='bbox 1079 2784 1405 2875; x_wconf 13' lang='lat' dir='ltr'>praesertimqubique</span> 
     </span>
     <span class='ocr_line' id='line_1_25' title="bbox 228 2889 1405 2976; baseline 0.002 -22"><span class='ocrx_word' id='word_1_203' title='bbox 228 2891 293 2955; x_wconf 85' lang='lat' dir='ltr'>fere</span> <span class='ocrx_word' id='word_1_204' title='bbox 316 2889 409 2955; x_wconf 87' lang='lat' dir='ltr'>facile</span> <span class='ocrx_word' id='word_1_205' title='bbox 432 2893 465 2953; x_wconf 92' lang='lat' dir='ltr'>et</span> <span class='ocrx_word' id='word_1_206' title='bbox 488 2912 607 2955; x_wconf 89' lang='lat' dir='ltr'>errores</span> <span class='ocrx_word' id='word_1_207' title='bbox 630 2892 822 2976; x_wconf 87' lang='lat' dir='ltr'>detegantur</span> <span class='ocrx_word' id='word_1_208' title='bbox 845 2895 877 2954; x_wconf 93' lang='lat' dir='ltr'>et</span> <span class='ocrx_word' id='word_1_209' title='bbox 900 2913 1043 2956; x_wconf 91' lang='lat' dir='ltr'>errorum</span> <span class='ocrx_word' id='word_1_210' title='bbox 1060 2911 1188 2957; x_wconf 87' lang='lat' dir='ltr'>caussae</span> <span class='ocrx_word' id='word_1_211' title='bbox 1207 2891 1405 2976; x_wconf 86' lang='lat' dir='ltr'>intellegan-</span> 
     </span>
     <span class='ocr_line' id='line_1_26' title="bbox 227 2997 1405 3084; baseline -0.001 -22"><span class='ocrx_word' id='word_1_212' title='bbox 227 3006 288 3064; x_wconf 90' lang='lat' dir='ltr'>tur.</span> <span class='ocrx_word' id='word_1_213' title='bbox 335 2997 395 3062; x_wconf 81' lang='lat' dir='ltr'>Sed</span> <span class='ocrx_word' id='word_1_214' title='bbox 418 2998 457 3062; x_wconf 94' lang='lat' dir='ltr'>de</span> <span class='ocrx_word' id='word_1_215' title='bbox 479 2997 541 3062; x_wconf 89' lang='lat' dir='ltr'>fide</span> <span class='ocrx_word' id='word_1_216' title='bbox 563 2997 715 3063; x_wconf 89' lang='lat' dir='ltr'>historica</span> <span class='ocrx_word' id='word_1_217' title='bbox 738 2999 875 3063; x_wconf 88' lang='lat' dir='ltr'>auctoris</span> <span class='ocrx_word' id='word_1_218' title='bbox 899 2999 999 3062; x_wconf 90' lang='lat' dir='ltr'>nostri</span> <span class='ocrx_word' id='word_1_219' title='bbox 1033 2999 1118 3063; x_wconf 85' lang='lat' dir='ltr'>infra</span> <span class='ocrx_word' id='word_1_220' title='bbox 1146 2998 1301 3083; x_wconf 90' lang='lat' dir='ltr'>copiosius</span> <span class='ocrx_word' id='word_1_221' title='bbox 1324 3019 1405 3084; x_wconf 85' lang='lat' dir='ltr'>age-</span> 
     </span>
     <span class='ocr_line' id='line_1_27' title="bbox 227 3102 1405 3190; baseline 0.003 -22"><span class='ocrx_word' id='word_1_222' title='bbox 227 3126 306 3168; x_wconf 91' lang='lat' dir='ltr'>mus.</span> <span class='ocrx_word' id='word_1_223' title='bbox 353 3102 512 3169; x_wconf 88' lang='lat' dir='ltr'>Nunciam</span> <span class='ocrx_word' id='word_1_224' title='bbox 536 3106 650 3189; x_wconf 90' lang='lat' dir='ltr'>quibus</span> <span class='ocrx_word' id='word_1_225' title='bbox 673 3128 711 3169; x_wconf 86' lang='lat' dir='ltr'>ex</span> <span class='ocrx_word' id='word_1_226' title='bbox 742 3106 893 3174; x_wconf 88' lang='lat' dir='ltr'>fontibus</span> <span class='ocrx_word' id='word_1_227' title='bbox 909 3104 1041 3190; x_wconf 90' lang='lat' dir='ltr'>Nepotis</span> <span class='ocrx_word' id='word_1_228' title='bbox 1073 3107 1157 3171; x_wconf 87' lang='lat' dir='ltr'>vitae</span> <span class='ocrx_word' id='word_1_229' title='bbox 1187 3107 1304 3171; x_wconf 90' lang='lat' dir='ltr'>ducum</span> <span class='ocrx_word' id='word_1_230' title='bbox 1332 3105 1405 3171; x_wconf 84' lang='lat' dir='ltr'>Ro-</span> 
     </span>
     <span class='ocr_line' id='line_1_28' title="bbox 228 3202 1404 3296; baseline 0.001 -21"><span class='ocrx_word' id='word_1_231' title='bbox 228 3232 394 3276; x_wconf 88' lang='lat' dir='ltr'>manorum</span> <span class='ocrx_word' id='word_1_232' title='bbox 416 3212 585 3277; x_wconf 88' lang='lat' dir='ltr'>illustrium</span> <span class='ocrx_word' id='word_1_233' title='bbox 608 3213 766 3291; x_wconf 85' lang='lat' dir='ltr'>fluxerint,</span> <span class='ocrx_word' id='word_1_234' title='bbox 791 3234 940 3296; x_wconf 86' lang='lat' dir='ltr'>quaerere</span> <span class='ocrx_word' id='word_1_235' title='bbox 962 3213 1051 3291; x_wconf 89' lang='lat' dir='ltr'>libet,</span> <span class='ocrx_word' id='word_1_236' title='bbox 1075 3202 1147 3291; x_wconf 87' lang='lat' dir='ltr'>cum</span> <span class='ocrx_word' id='word_1_237' title='bbox 1171 3214 1208 3278; x_wconf 93' lang='lat' dir='ltr'>de</span> <span class='ocrx_word' id='word_1_238' title='bbox 1225 3215 1404 3281; x_wconf 87' lang='lat' dir='ltr'>ceterorum</span> 
     </span>
     <span class='ocr_line' id='line_1_29' title="bbox 228 3318 1405 3403; baseline 0.001 -19"><span class='ocrx_word' id='word_1_239' title='bbox 228 3318 360 3403; x_wconf 88' lang='lat' dir='ltr'>Nepotis</span> <span class='ocrx_word' id='word_1_240' title='bbox 383 3320 536 3384; x_wconf 91' lang='lat' dir='ltr'>librorum</span> <span class='ocrx_word' id='word_1_241' title='bbox 561 3320 705 3385; x_wconf 87' lang='lat' dir='ltr'>fontibus</span> <span class='ocrx_word' id='word_1_242' title='bbox 729 3325 762 3385; x_wconf 93' lang='grc'>11</span> <span class='ocrx_word' id='word_1_243' title='bbox 784 3320 976 3385; x_wconf 84' lang='lat' dir='ltr'>auctoritate</span> <span class='ocrx_word' id='word_1_244' title='bbox 999 3320 1059 3384; x_wconf 87' lang='lat' dir='ltr'>viri</span> <span class='ocrx_word' id='word_1_245' title='bbox 1088 3321 1172 3385; x_wconf 89' lang='lat' dir='ltr'>docti</span> <span class='ocrx_word' id='word_1_246' title='bbox 1204 3319 1282 3384; x_wconf 89' lang='lat' dir='ltr'>satis</span> <span class='ocrx_word' id='word_1_247' title='bbox 1307 3320 1405 3385; x_wconf 91' lang='lat' dir='ltr'>lucu-</span> 
     </span>
     <span class='ocr_line' id='line_1_30' title="bbox 227 3426 1159 3512; baseline 0.005 -23"><span class='ocrx_word' id='word_1_248' title='bbox 227 3426 331 3490; x_wconf 89' lang='lat' dir='ltr'>lenter</span> <span class='ocrx_word' id='word_1_249' title='bbox 353 3426 562 3499; x_wconf 85' lang='lat' dir='ltr'>disseruerint</span> <span class='ocrx_word' id='word_1_250' title='bbox 585 3428 654 3510; x_wconf 86' lang='lat' dir='ltr'>(efr.</span> <span class='ocrx_word' id='word_1_251' title='bbox 680 3427 834 3492; x_wconf 89' lang='lat' dir='ltr'>Rinckius</span> <span class='ocrx_word' id='word_1_252' title='bbox 857 3426 877 3491; x_wconf 95' lang='grc'>1.</span> <span class='ocrx_word' id='word_1_253' title='bbox 902 3426 923 3489; x_wconf 96' lang='grc'>1.</span> <span class='ocrx_word' id='word_1_254' title='bbox 948 3450 977 3512; x_wconf 93' lang='lat' dir='ltr'>p.</span> <span class='ocrx_word' id='word_1_255' title='bbox 1001 3428 1043 3491; x_wconf 86' lang='grc'>48</span> <span class='ocrx_word' id='word_1_256' title='bbox 1067 3431 1159 3510; x_wconf 84' lang='lat' dir='ltr'>sqq).</span> 
     </span>
    </p>
   </div>
   <div class='ocr_carea' id='block_1_5' title="bbox 656 3642 972 3652">
    <p class='ocr_par' dir='ltr' id='par_1_7' title="bbox 656 3642 972 3652">
     <span class='ocr_line' id='line_1_31' title="bbox 656 3642 972 3652; baseline -0.003 -2"><span class='ocrx_word' id='word_1_257' title='bbox 656 3642 972 3652; x_wconf 72' lang='lat'><strong>-——--—-——-—-—-—-—--</strong></span> 
     </span>
    </p>
   </div>
   <div class='ocr_carea' id='block_1_6' title="bbox 684 3810 949 3907">
    <p class='ocr_par' dir='ltr' id='par_1_8' title="bbox 684 3810 949 3907">
     <span class='ocr_line' id='line_1_32' title="bbox 684 3810 949 3907; baseline -0.008 -15"><span class='ocrx_word' id='word_1_258' title='bbox 684 3810 865 3907; x_wconf 85' lang='lat' dir='ltr'>CAPUT</span> <span class='ocrx_word' id='word_1_259' title='bbox 898 3813 949 3892; x_wconf 91' lang='grc' dir='ltr'>Π.</span> 
     </span>
    </p>
   </div>
   <div class='ocr_carea' id='block_1_7' title="bbox 441 3936 1187 4045">
    <p class='ocr_par' dir='ltr' id='par_1_9' title="bbox 441 3936 1187 4045">
     <span class='ocr_line' id='line_1_33' title="bbox 441 3936 1187 4045; baseline -0.005 -1"><span class='ocrx_word' id='word_1_260' title='bbox 441 3977 500 4044; x_wconf 88' lang='lat' dir='ltr'>nn</span> <span class='ocrx_word' id='word_1_261' title='bbox 524 3977 728 4044; x_wconf 79' lang='lat' dir='ltr'>connum</span> <span class='ocrx_word' id='word_1_262' title='bbox 750 3936 934 4045; x_wconf 75' lang='grc'><strong>11110111</strong></span> <span class='ocrx_word' id='word_1_263' title='bbox 964 3975 1187 4043; x_wconf 73' lang='lat' dir='ltr'>reuersus.</span> 
     </span>
    </p>
   </div>
   <div class='ocr_carea' id='block_1_8' title="bbox 109 4101 1407 4403">
    <p class='ocr_par' dir='ltr' id='par_1_10' title="bbox 109 4101 1407 4403">
     <span class='ocr_line' id='line_1_34' title="bbox 319 4101 1407 4186; baseline 0.003 -20"><span class='ocrx_word' id='word_1_264' title='bbox 319 4103 367 4167; x_wconf 83' lang='lat' dir='ltr'>Ad</span> <span class='ocrx_word' id='word_1_265' title='bbox 397 4103 557 4169; x_wconf 77' lang='lat' dir='ltr'>Valerium</span> <span class='ocrx_word' id='word_1_266' title='bbox 587 4103 750 4169; x_wconf 77' lang='lat' dir='ltr'>Antiatem</span> <span class='ocrx_word' id='word_1_267' title='bbox 780 4103 1007 4168; x_wconf 88' lang='lat' dir='ltr'>Mommsenius</span> <span class='ocrx_word' id='word_1_268' title='bbox 1039 4101 1160 4185; x_wconf 87' lang='lat' dir='ltr'>(Herm.</span> <span class='ocrx_word' id='word_1_269' title='bbox 1194 4101 1249 4166; x_wconf 91' lang='lat' dir='ltr'>lV.</span> <span class='ocrx_word' id='word_1_270' title='bbox 1282 4101 1316 4186; x_wconf 87' lang='lat'>7)</span> <span class='ocrx_word' id='word_1_271' title='bbox 1347 4105 1407 4170; x_wconf 84' lang='lat' dir='ltr'>illa</span> 
     </span>
     <span class='ocr_line' id='line_1_35' title="bbox 229 4208 1406 4295; baseline 0.001 -21"><span class='ocrx_word' id='word_1_272' title='bbox 229 4210 364 4287; x_wconf 89' lang='lat' dir='ltr'>rettulit,</span> <span class='ocrx_word' id='word_1_273' title='bbox 389 4233 470 4295; x_wconf 90' lang='lat' dir='ltr'>quae</span> <span class='ocrx_word' id='word_1_274' title='bbox 493 4215 578 4276; x_wconf 90' lang='lat' dir='ltr'>auct.</span> <span class='ocrx_word' id='word_1_275' title='bbox 603 4212 641 4277; x_wconf 89' lang='lat' dir='ltr'>de</span> <span class='ocrx_word' id='word_1_276' title='bbox 664 4211 723 4278; x_wconf 89' lang='lat' dir='ltr'>vir.</span> <span class='ocrx_word' id='word_1_277' title='bbox 747 4211 790 4275; x_wconf 94' lang='lat' dir='ltr'>ill.</span> <span class='ocrx_word' id='word_1_278' title='bbox 815 4233 840 4277; x_wconf 89' lang='lat' dir='ltr'>c.</span> <span class='ocrx_word' id='word_1_279' title='bbox 867 4211 907 4275; x_wconf 86' lang='lat'>19</span> <span class='ocrx_word' id='word_1_280' title='bbox 931 4211 969 4275; x_wconf 92' lang='lat' dir='ltr'>de</span> <span class='ocrx_word' id='word_1_281' title='bbox 994 4209 1113 4274; x_wconf 89' lang='lat' dir='ltr'>Marcio</span> <span class='ocrx_word' id='word_1_282' title='bbox 1128 4208 1294 4275; x_wconf 79' lang='lat' dir='ltr'>Coriolano</span> <span class='ocrx_word' id='word_1_283' title='bbox 1318 4232 1406 4276; x_wconf 89' lang='lat' dir='ltr'>com-</span> 
     </span>
     <span class='ocr_line' id='line_1_36' title="bbox 109 4318 1309 4403; baseline 0.003 -22"><span class='ocrx_word' id='word_1_284' title='bbox 109 4376 113 4381; x_wconf 90' lang='lat'>.</span> <span class='ocrx_word' id='word_1_285' title='bbox 229 4319 433 4395; x_wconf 85' lang='lat' dir='ltr'>memoravit3</span> <span class='ocrx_word' id='word_1_286' title='bbox 458 4341 555 4403; x_wconf 89' lang='lat' dir='ltr'>quam</span> <span class='ocrx_word' id='word_1_287' title='bbox 578 4320 619 4385; x_wconf 91' lang='lat' dir='ltr'>ad</span> <span class='ocrx_word' id='word_1_288' title='bbox 643 4320 835 4387; x_wconf 87' lang='lat' dir='ltr'>sententiam</span> <span class='ocrx_word' id='word_1_289' title='bbox 863 4340 919 4385; x_wconf 90' lang='lat' dir='ltr'>nos</span> <span class='ocrx_word' id='word_1_290' title='bbox 946 4318 1082 4385; x_wconf 89' lang='lat' dir='ltr'>libenter</span> <span class='ocrx_word' id='word_1_291' title='bbox 1111 4318 1309 4384; x_wconf 82' lang='lat' dir='ltr'>accessimus</span> 
     </span>
    </p>
   </div>
   <div class='ocr_carea' id='block_1_9' title="bbox 0 0 1489 5136">
    <p class='ocr_par' dir='ltr' id='par_1_11' title="bbox 0 0 1489 5136">
     <span class='ocr_line' id='line_1_37' title="bbox 0 0 1489 5136; baseline 0 0"><span class='ocrx_word' id='word_1_292' title='bbox 0 0 1489 5136; x_wconf 95' lang='lat' dir='ltr'> </span> 
     </span>
    </p>
   </div>
  </div>
 </body>
</html>
