2948 5182
527 287 774 369 fre-

168 480 313 564 Denique
331 482 368 546 de
385 481 471 548 Man.
489 480 575 546 Curii
586 482 719 546 Dentati
736 480 931 546 abstinentia
947 479 1023 546 haec
1039 480 1248 564 scripserunt:

210 605 448 659 cecideritin.
469 607 512 658 33.
565 606 568 612 ‘
842 605 923 659 Flor.
941 606 966 658 I.
985 607 1024 658 13.
1042 607 1089 658 22.

114 692 211 761 legatis
231 693 379 746 Samnitum
398 709 493 747 aurum
512 692 646 747 offerenti·
719 692 786 746 Cum
805 693 901 748 Curius
917 693 1016 762 fictilia
1034 708 1085 747 suo
1103 690 1249 746 Samnitico

77 782 137 849 bus,
157 783 291 850 cumipse
310 783 338 835 in
356 782 417 836 loco
430 797 509 852 rapas
523 788 646 849 torreret,
683 781 835 850 praeferret
856 796 922 836 auro
946 811 981 820 —

78 870 162 939 Malo,
181 871 280 938 inquit,
300 871 367 924 haec
384 871 412 923 in
425 871 556 940 fictilibus
575 872 646 925 ineis

78 974 137 1014 esse
156 967 184 1014 et
202 976 296 1013 aurum
318 959 481 1014 habentibus
505 960 646 1028 imperare.

166 1068 293 1134 Fictilia
326 1090 382 1132 sua
418 1090 493 1132 auro
528 1068 701 1134 Samnitico
737 1067 866 1133 Curium
901 1066 1086 1155 praetulisse
1122 1067 1249 1149 praeter

78 1173 209 1240 Florum
232 1179 266 1240 et
289 1180 448 1240 auctorem
472 1179 614 1240 nostrum
646 1177 731 1240 solus
754 1173 918 1259 Ampelius
948 1173 1087 1251 rettulit,
1124 1171 1180 1254 qui
1202 1171 1249 1235 ‘ad

78 1283 209 1346 verbum
238 1305 308 1347 eum
333 1286 461 1346 auctore
493 1283 531 1347 de
562 1284 619 1347 vir.
642 1282 687 1346 ill.
712 1281 884 1356 consentit;
922 1279 1065 1344 Valerius
1092 1278 1249 1343 Maximus

78 1387 148 1471 (IV.
161 1391 190 1467 3,
204 1389 236 1472 2)
255 1393 361 1454 autern
374 1389 507 1467 Livium,
522 1392 557 1453 ut
573 1389 693 1473 opinor,
711 1392 835 1453 secutus
848 1386 977 1451 Curium
990 1409 1006 1450 e
1018 1386 1124 1471 ligneo
1140 1384 1248 1477 catillo

76 1502 262 1560 coenantem
285 1504 357 1560 cuni
372 1495 550 1560 Samnitum
565 1497 680 1581 legatis
696 1495 886 1559 collocutum
901 1515 966 1558 esse
982 1491 1247 1558 commemoravit.

76 1601 126 1664 ux
149 1602 309 1691 communi
332 1603 432 1686 igitur
453 1603 542 1666 fonte
565 1601 677 1666 Florus
701 1605 733 1666 et
756 1605 869 1666 auctor
895 1601 934 1665 de
963 1600 1019 1664 vir.
1044 1599 1089 1663 ill.
1113 1598 1246 1678 61111-

75 1709 176 1793 pelius
198 1731 254 1773 sua
270 1709 544 1793 deprompserunt,
568 1730 663 1791 quem
679 1706 859 1795 Cornelium
875 1706 1035 1791 Nepotem
1050 1706 1144 1770 fuisse
1159 1705 1246 1769 infra

76 1814 372 1901 demonstrabimus,
685 1805 688 1811 ’

81 1932 85 1938 “
164 1920 283 1997 Quibus
306 1921 456 2005 exemplis
480 1921 543 1985 alia
566 1943 668 2005 pauca
690 1943 754 1985 non
771 1921 884 1986 addere
906 1943 971 1988 non
986 1942 1157 2004 possumus,
1175 1919 1246 2003 qui·

73 2028 132 2092 bus
155 2031 187 2091 ct
208 2026 331 2110 aliquot
353 2030 453 2107 locos,
478 2050 555 2112 quos
577 2026 764 2113 Spengelins
792 2029 871 2092 falso
899 2050 937 2094 ex
960 2027 1054 2093 Floro
1081 2030 1245 2110 excerptos

74 2154 140 2197 esse
163 2133 313 2218 opinatur
335 2137 367 2198 et
391 2135 453 2199 alia
476 2135 614 2201 auctoris
637 2135 740 2199 nostri
762 2136 868 2220 capita
891 2158 929 2199 ex
952 2133 1037 2199 Flori
1066 2134 1154 2198 fonte
1184 2133 1244 2197 fiu-

12 2256 15 2261 ·
56 2240 156 2304 ¹uisse
178 2242 432 2331 comprobemus,
460 2264 652 2325 quamquam
676 2241 861 2317 Liviineex
883 2243 922 2306 iis
943 2241 1047 2319 libris,
1078 2241 1132 2324 qui
1154 2240 1245 2304 nobis

74 2347 253 2432 perierunt,
289 2371 330 2412 an
353 2370 391 2412 ex
414 2349 515 2412 altero
545 2348 600 2412 illo
630 2348 720 2412 fonte
751 2348 911 2413 communi
937 2348 994 2412 illa
1028 2347 1245 2411 emanaverint

74 2453 271 2539 argumentis
294 2454 460 2518 diiudicari
483 2455 603 2537 nequit.

161 2564 212 2624 Ita
236 2561 273 2623 de
296 2560 364 2624 Tib.
390 2544 534 2625 Gracchi
547 2560 643 2624 exitio
666 2559 743 2624 haec
767 2561 976 2645 seripserunt:

179 2689 248 2736 auct.
267 2682 298 2736 dc
316 2683 363 2742 uir.
381 2684 421 2737 111.
440 2687 483 2737 64.
503 2688 527 2737 6,
843 2686 922 2739 Flor.
943 2685 982 2738 Π.
1003 2689 1030 2737 2.
1049 2687 1074 2738 7.

106 2788 210 2842 Deinde
231 2805 290 2842 curo
309 2805 459 2861 prorepere
489 2792 541 2844 sibi
567 2796 639 2858 pote·
712 2787 777 2842 Gom
805 2790 839 2844 ad
866 2791 1049 2860 perpetranda
1076 2795 1172 2858 coepta
1199 2790 1242 2845 dic

71 2881 165 2930 dotem
176 2878 258 2944 uellet,
270 2877 386 2934 adversis
398 2879 523 2947 auspiciis
536 2880 564 2932 in
574 2880 639 2946 pub·
677 2879 844 2934 comitiorum
860 2883 1005 2950 prorepere?
1025 2882 1077 2934 sabi
1098 2881 1172 2934 orllet
1193 2880 1241 2934 irr-

70 2964 152 3017 lioum
170 2967 301 3037 processit
318 2968 463 3034 statimque
476 2968 639 3036 Capitolium
674 2970 777 3037 periuro
804 2968 882 3022 obvia
904 2969 1030 3022 nobilitas
1053 2998 1087 3007 -
1111 2969 1206 3023 cedere
1225 2984 1241 3022 a

70 3054 149 3121 petiit
167 3070 273 3112 manum
293 3055 326 3109 ad
346 3063 427 3123 caput
438 3054 566 3122 referens,
586 3072 638 3124 quo
674 3055 733 3112 foro
751 3059 854 3126 coegit3
873 3057 935 3111 inde
954 3073 1013 3113 cum
1031 3058 1059 3110 in
1078 3057 1241 3124 Capitolium

70 3141 185 3196 salutem
209 3160 284 3198 suam
307 3145 405 3212 populo
428 3145 637 3202 commendabat.
674 3143 836 3214 profugisset
847 3142 1004 3215 plebemque
1014 3146 1049 3200 ad
1059 3145 1241 3201 defensionem

68 3233 129 3289 Hoc
148 3233 275 3286 nobilitas
294 3233 332 3287 ita
351 3233 463 3301 accepit,
481 3237 561 3302 orosi
578 3235 636 3290 dic·
674 3234 771 3288 salutis
791 3250 856 3290 suae
869 3251 949 3290 manu
961 3241 1041 3302 caput
1053 3241 1168 3304 tangens
1179 3235 1241 3288 hor-

71 3321 148 3376 demo
164 3328 297 3391 pomerei,-
324 3323 494 3391 segniterque
513 3330 637 3379 cessante
674 3329 789 3388 taretur,
802 3324 926 3392 praebuit
939 3323 1054 3390 speciem
1067 3338 1179 3391 regnum
1189 3323 1240 3376 sibi

70 3410 160 3465 Mucio
185 3411 294 3465 consule
321 3410 410 3478 Scipio
433 3412 533 3467 Nasica
561 3413 637 3481 sequi
674 3411 1240 3482 61111111611161111611161111116

68 3513 98 3553 se
116 3499 210 3563 iussis,
235 3500 280 3567 qui
306 3501 407 3555 salvam
426 3501 636 3570 rempublicam
674 3502 796 3569 Scipione
822 3502 923 3558 Nasica
947 3502 1081 3556 concitato
1108 3502 1136 3555 in
1164 3517 1241 3556 arma

22 3632 29 3648 ,
67 3588 178 3654 vellent,
189 3587 339 3643 Gracchum
348 3589 637 3659 incapitoliumperse-
672 3592 772 3661 populo
792 3591 868 3658 quasi
886 3593 944 3645 iure
962 3606 1104 3660 oppressae
1121 3597 1166 3646 est.

71 3683 149 3731 cutus
167 3680 306 3748 oppressit.

158 3803 317 3890 Spengelii
341 3804 516 3868 sententiae
539 3803 616 3869 haec
637 3810 828 3892 repugnant,
854 3806 938 3890 quod
960 3805 1095 3870 auctoris
1111 3805 1148 3869 de
1164 3805 1238 3869 viris

67 3912 113 3976 ill.
137 3912 192 3975 illa
214 3913 311 3978 rerba
338 3910 493 3974 »adversis
516 3912 680 3995 auspiciis«
707 3935 809 3996 neque
824 3919 952 3996 sumpta
975 3933 1013 3976 cx
1029 3910 1127 3975 Floro
1136 3933 1237 3994 neque

67 4040 106 4082 ex
129 4018 261 4082 libidine
284 4017 392 4082 addita
414 4021 489 4080 sunt
511 4015 582 4099 (cfr.
608 4016 691 4082 Plut.
715 4019 782 4083 Tib.
807 4020 939 4085 Graceh.
969 4019 1024 4096 17,
1052 4017 1123 4084 Val.
1153 4017 1236 4086 Max.

67 4124 94 4191 I.
118 4126 149 4203 4,
174 4124 208 4208 2)
233 4127 265 4188 et
288 4123 370 4207 quod
393 4123 448 4188 illa
475 4122 558 4188 >hoc
588 4125 740 4190 nobilitas
769 4126 815 4190 ita
838 4126 979 4210 accepit<
1017 4146 1129 4210 parum
1165 4147 1235 4188 oum

67 4231 172 4311 Floro,
197 4232 290 4315 plane
313 4233 418 4294 autem
442 4252 513 4293 cum
535 4230 708 4297 Plutarcho
731 4231 1029 4312 (1111161119)
1053 4230 1235 4311 concinunt,

67 4340 152 4423 apud
175 4361 268 4423 quem
285 4337 362 4402 haec
377 4339 543 4422 leguntur:
568 4341 606 4398 οἱ
626 4338 646 4396 δ
655 4337 859 4399 ’ἐναντίοι
880 4343 987 4414 τοῦτο
1008 4335 1130 4402 ἰδόντες
1141 4331 1235 4397 ’ἔθεον
