2954 5136
736 200 924 262 ..6-

247 413 317 457 mus
339 391 422 456 inter
445 391 583 457 Cornelii
605 391 739 477 Nepotis
763 392 877 471 fontes,
902 393 989 457 euius
1012 414 1049 456 ex
1072 392 1159 456 libris
1186 393 1224 457 de
1247 392 1323 456 viris
1345 388 1422 454 illuss

248 499 364 564 stribur
407 499 592 583 compositis
636 500 738 565 nostri
774 500 910 565 auctoris
951 499 1094 565 libellum
1132 503 1315 583 excerptum
1356 520 1423 562 esse

247 607 541 686 demonstrabimus,
555 612 588 672 et
600 607 735 673 aliorum
750 608 941 692 scriptorum
953 611 984 672 et
996 605 1118 671 Valerii
1130 606 1273 674 Antiatis
1290 605 1423 671 annales

247 713 353 778 fuisse.
736 778 741 792 ,
833 721 835 725 ‘

300 856 309 868 2
335 821 480 888 Jordaco
502 824 582 886 teste
606 818 752 907 (Hermes
768 820 816 885 VI
830 845 862 906 p.
880 819 959 903 200)
973 821 1042 906 ipse
1054 820 1281 885 Mommsenius
1296 820 1424 884 abiecta

248 928 305 992 illa
328 922 425 1012 priori
448 929 626 994 coniectura
650 928 787 994 Cornelii
810 927 946 1012 Nepotis
969 928 1064 993 libros
1088 932 1251 991 auctorem
1274 929 1424 990 nostrum
1465 948 1467 957 ·

248 1057 313 1099 6666
337 1039 481 1100 secutum
503 1036 563 1100 sibi
588 1037 761 1122 persuasit3
786 1036 958 1101 doctissimi
973 1035 1073 1121 igitur
1088 1034 1320 1117 clarissimique
1335 1033 1425 1113 illius
1465 1082 1467 1087 .

247 1143 307 1207 viri
329 1143 552 1207 auctoritatem
574 1165 594 1207 a
617 1165 687 1209 mea
709 1144 867 1208 sententia
881 1147 966 1206 stare
981 1164 1078 1227 quarn
1093 1145 1221 1226 gratum
1237 1143 1425 1235 acceptum-

24 1274 45 1339 J
111 1304 113 1308 Α
159 1318 163 1323 ,
248 1271 310 1333 que
332 1248 410 1345 mihi
433 1250 484 1329 sit,
507 1249 590 1314 nihil
613 1254 660 1315 est
683 1251 768 1335 quod
790 1271 970 1315 memorem.

336 1355 524 1440 Spenyelius
549 1355 635 1440 (aeta
659 1358 797 1422 academ.
833 1357 958 1421 Monac.
993 1355 1133 1422 XXXVI
1168 1353 1214 1422 Gl.
1250 1354 1296 1420 IX
1334 1356 1424 1419 1863

248 1485 321 1550 pag.
340 1465 402 1528 317
419 1462 503 1547 sqq.)
525 1468 558 1528 et
578 1465 727 1548 Hepuius
750 1462 1425 1548 (1611666116166166Β66666186666)

248 1570 286 1634 de
308 1570 454 1635 fontibus
478 1569 564 1636 Flori
586 1572 688 1656 iisque
711 1572 925 1656 scriptoribus,
951 1572 1006 1655 qui
1021 1571 1152 1645 Florum
1170 1570 1423 1654 descripsissem,

247 1678 489 1761 disputaverunt
517 1681 549 1742 et
576 1683 721 1743 nostrum
744 1683 904 1744 auctorem
938 1680 972 1743 in
1007 1701 1043 1744 eo
1075 1699 1205 1744 numero
1239 1678 1424 1742 habendum

247 1806 311 1848 esse
348 1785 583 1862 iudicaverunt3
628 1787 823 1852 uberioribus
864 1808 988 1871 quoque
1021 1785 1162 1851 fontibus
1195 1808 1267 1850 eum
1297 1786 1424 1868 praeter
1457 1782 1459 1787 ’

247 1891 379 1956 Florum
401 1915 494 1956 usum
518 1914 583 1958 esse
606 1897 739 1977 uterque
762 1895 925 1959 concessit.
972 1893 1040 1969 Qua
1063 1894 1101 1957 de
1124 1893 1281 1958 sententia
1308 1891 1424 1955 diutis-

248 2000 327 2064 sime
352 2021 403 2062 me
433 2000 624 2064 meditatum
654 2023 721 2064 esse
753 2005 786 2064 et
815 2001 901 2066 Flori
936 2000 1016 2064 libro
1051 2022 1122 2065 cum
1154 2003 1281 2064 auctore
1310 2002 1424 2064 nostro

246 2107 344 2172 semel
366 2106 543 2191 iterumque
574 2110 757 2190 comparato
784 2108 860 2190 quid
891 2108 1062 2173 iudiearem
1093 2107 1253 2171 dubitasse
1284 2104 1424 2170 libenter

248 2214 360 2279 fateor.
406 2214 583 2297 Postquam
605 2218 712 2279 autem
735 2215 779 2280 eis
795 2216 1038 2301 repugnandum
1057 2237 1126 2292 ¹esse
1142 2213 1283 2279 intellexi
1309 2216 1341 2276 et
1364 2212 1447 2278 has·

248 2321 448 2404 quaestiones
462 2325 548 2387 totas
573 2322 703 2403 absolvi,
727 2345 921 2409 magnopere
944 2323 1071 2409 gavisus
1095 2345 1167 2387 sum
1189 2321 1273 2405 quod
1295 2319 1423 2401 Woelff-

185 2512 188 2517 .
248 2427 320 2492 11611
342 2429 485 2493 libellum
508 2429 546 2492 de
570 2429 709 2514 Ampelii
731 2429 812 2494 libro
828 2430 1005 2494 memoriali
1028 2429 1241 2513 compositum
1257 2427 1309 2512 (de
1323 2425 1421 2510 Amp.

247 2535 319 2598 libr.
350 2558 442 2599 mem.
476 2541 595 2619 quaest.
626 2536 694 2601 crit.
728 2541 760 2600 61
790 2537 864 2603 hist.
888 2535 1070 2622 ¹Gottingae
1103 2537 1188 2600 1854
1216 2559 1247 2620 p.
1277 2535 1317 2600 35
1341 2539 1423 2616 sqq.)
1459 2562 1462 2567 ·

247 2641 417 2725 inspiciens
439 2642 657 2708 doctissimum
688 2643 779 2709 illum
805 2645 910 2709 virum
940 2644 1073 2730 cognovi
1100 2645 1139 2707 de
1168 2643 1306 2719 ratione,
1340 2662 1424 2723 quae

248 2749 330 2811 inter
353 2748 484 2814 Florum
507 2752 539 2814 et
553 2748 734 2835 Ampelium
758 2754 790 2815 et
812 2754 976 2818 auctorem
998 2752 1036 2815 de
1058 2751 1116 2816 vir.
1138 2750 1183 2814 ill.
1200 2747 1422 2826 intercederet,

249 2855 383 2920 eandem
405 2856 470 2921 fere
493 2858 686 2922 sententiam
700 2880 804 2942 quam
828 2859 1004 2943 meipsum
1032 2857 1196 2942 amplecti,
1228 2876 1424 2938 quamquam

249 2961 352 3026 minus
376 2966 572 3047 argumentis
595 2987 664 3029 earn
687 2965 746 3029 sibi
769 2965 998 3050 comprobasse,
1023 2988 1120 3050 quam
1148 2963 1315 3050 ingeniosa
1345 2984 1424 3026 con·
1464 2984 1467 2989 ·

247 3070 368 3159 iectura
401 3063 646 3154 praesumpsisse
684 3072 818 3138 videtur.
871 3071 1015 3137 Alteram
1052 3077 1161 3141 tamen
1199 3071 1423 3148 coniecturam,

248 3197 344 3258 quam
366 3177 400 3241 in
423 3177 479 3240 illo
501 3178 607 3243 libello
624 3178 835 3260 Woelfflinias
854 3180 892 3244 de
908 3180 1051 3245 fontibus
1066 3179 1204 3245 auctoris
1219 3177 1322 3242 nostri
1337 3177 1422 3256 feeit,

122 3271 147 3317 '¹
247 3283 380 3348 inferius
403 3284 629 3370 redarguemus
652 3289 685 3349 et
708 3287 782 3369 quid
808 3288 844 3352 de
868 3285 1030 3372 Spengelii
1053 3286 1234 3371 Heyniique
1263 3284 1424 3349 sententia

247 3391 452 3456 iudicandum
476 3391 527 3471 sit,
553 3393 588 3455 in
611 3392 680 3457 loco
704 3414 904 3477 exponemus.
970 3442 973 3449 .

705 3793 887 3877 CAPUT
919 3797 969 3876 II.

339 3942 420 4008 Mihi
443 3942 506 4027 ipsi
529 3944 606 4028 haec
634 3943 673 4009 de
701 3943 845 4011 fontibus
874 3945 1013 4010 auctoris
1036 3945 1074 4009 de
1096 3945 1163 4031 uir.¹
1177 3945 1223 4012 ill.
1254 3948 1425 4013 statuenda

249 4072 316 4114 esse
340 4051 503 4115 videntur:
917 4057 919 4062 ’
1063 4038 1065 4042 ’

338 4158 480 4222 Primum
504 4157 644 4221 dubitari
667 4180 869 4242 nequaquam
893 4163 1008 4244 potest,
1033 4161 1112 4245 quin
1134 4163 1247 4225 auctor
1261 4164 1367 4224 noster
1390 4163 1425 4225 in

246 4264 328 4328 libro
354 4286 411 4330 suo
442 4265 659 4349 componendo
692 4265 844 4331 eiusmodi
875 4267 1039 4352 scriptoris
1084 4267 1230 4352 operibus
1268 4289 1344 4333 usus
1371 4270 1424 4347 sit,
