<?xml version="1.0" encoding="UTF-8"?>
<!DOCTYPE html PUBLIC "-//W3C//DTD XHTML 1.0 Transitional//EN"
    "http://www.w3.org/TR/xhtml1/DTD/xhtml1-transitional.dtd">
<html xmlns="http://www.w3.org/1999/xhtml" xml:lang="en" lang="en">
 <head>
  <title>
</title>
<meta http-equiv="Content-Type" content="text/html;charset=utf-8" />
  <meta name='ocr-system' content='tesseract 3.04.00' />
  <meta name='ocr-capabilities' content='ocr_page ocr_carea ocr_par ocr_line ocrx_word'/>
</head>
<body>
  <div class='ocr_page' id='page_1' title='image "./deauctorisdevir00haupgoog_0026.png"; bbox 0 0 2954 5136; ppageno 0'>
   <div class='ocr_carea' id='block_1_1' title="bbox 561 287 781 348">
    <p class='ocr_par' dir='ltr' id='par_1_1' title="bbox 561 287 781 348">
     <span class='ocr_line' id='line_1_1' title="bbox 561 287 781 348; baseline -0.014 -16"><span class='ocrx_word' id='word_1_1' title='bbox 561 287 781 348; x_wconf 76' lang='lat'>..19-</span> 
     </span>
    </p>
   </div>
   <div class='ocr_carea' id='block_1_2' title="bbox 81 472 1285 1596">
    <p class='ocr_par' dir='ltr' id='par_1_2' title="bbox 682 472 1249 540">
     <span class='ocr_line' id='line_1_2' title="bbox 682 472 1249 540; baseline -0.012 -8"><span class='ocrx_word' id='word_1_2' title='bbox 682 493 735 532; x_wconf 91' lang='lat' dir='ltr'>non</span> <span class='ocrx_word' id='word_1_3' title='bbox 765 480 908 530; x_wconf 83' lang='lat' dir='ltr'>contentus</span> <span class='ocrx_word' id='word_1_4' title='bbox 937 473 1016 530; x_wconf 88' lang='lat' dir='ltr'>unius</span> <span class='ocrx_word' id='word_1_5' title='bbox 1038 472 1091 528; x_wconf 77' lang='lat' dir='ltr'>&lt;liei</span> <span class='ocrx_word' id='word_1_6' title='bbox 1114 472 1249 540; x_wconf 89' lang='lat' dir='ltr'>triumpho</span> 
     </span>
    </p>

    <p class='ocr_par' dir='ltr' id='par_1_3' title="bbox 624 560 1249 832">
     <span class='ocr_line' id='line_1_3' title="bbox 681 560 1249 633; baseline -0.014 -13"><span class='ocrx_word' id='word_1_7' title='bbox 681 581 731 633; x_wconf 88' lang='lat' dir='ltr'>per</span> <span class='ocrx_word' id='word_1_8' title='bbox 750 565 834 619; x_wconf 84' lang='lat' dir='ltr'>vitam</span> <span class='ocrx_word' id='word_1_9' title='bbox 846 579 957 630; x_wconf 87' lang='lat' dir='ltr'>omnem,</span> <span class='ocrx_word' id='word_1_10' title='bbox 967 563 1014 617; x_wconf 88' lang='lat' dir='ltr'>ubi</span> <span class='ocrx_word' id='word_1_11' title='bbox 1032 577 1127 616; x_wconf 85' lang='lat' dir='ltr'>scena</span> <span class='ocrx_word' id='word_1_12' title='bbox 1140 560 1249 627; x_wconf 81' lang='lat' dir='ltr'><strong>rediret,</strong></span> 
     </span>
     <span class='ocr_line' id='line_1_4' title="bbox 624 649 1246 723; baseline -0.013 -14"><span class='ocrx_word' id='word_1_13' title='bbox 624 686 627 697; x_wconf 80' lang='lat'><em>·</em></span> <span class='ocrx_word' id='word_1_14' title='bbox 681 654 839 723; x_wconf 81' lang='lat' dir='ltr'>praelucere</span> <span class='ocrx_word' id='word_1_15' title='bbox 857 652 962 710; x_wconf 83' lang='lat' dir='ltr'>funalia</span> <span class='ocrx_word' id='word_1_16' title='bbox 980 658 1008 708; x_wconf 89' lang='lat' dir='ltr'>et</span> <span class='ocrx_word' id='word_1_17' title='bbox 1025 651 1182 720; x_wconf 83' lang='lat' dir='ltr'>praecinere</span> <span class='ocrx_word' id='word_1_18' title='bbox 1195 649 1246 704; x_wconf 87' lang='lat' dir='ltr'>sibi</span> 
     </span>
     <span class='ocr_line' id='line_1_5' title="bbox 641 742 916 832; baseline -0.004 -35"><span class='ocrx_word' id='word_1_19' title='bbox 641 822 645 832; x_wconf 34' lang='grc' dir='ltr'><strong><em>Ι</em></strong></span> <span class='ocrx_word' id='word_1_20' title='bbox 682 743 764 797; x_wconf 85' lang='lat' dir='ltr'>tibias</span> <span class='ocrx_word' id='word_1_21' title='bbox 783 742 862 798; x_wconf 88' lang='lat' dir='ltr'>iussit</span> <span class='ocrx_word' id='word_1_22' title='bbox 881 772 916 780; x_wconf 96' lang='lat'>—</span> 
     </span>
    </p>

    <p class='ocr_par' dir='ltr' id='par_1_4' title="bbox 81 866 1285 1596">
     <span class='ocr_line' id='line_1_6' title="bbox 110 866 1252 946; baseline -0.009 -7"><span class='ocrx_word' id='word_1_23' title='bbox 110 923 118 939; x_wconf 89' lang='lat'><strong>.</strong></span> <span class='ocrx_word' id='word_1_24' title='bbox 173 869 286 935; x_wconf 90' lang='lat' dir='ltr'>Manus</span> <span class='ocrx_word' id='word_1_25' title='bbox 308 868 424 935; x_wconf 88' lang='lat' dir='ltr'>ferreas</span> <span class='ocrx_word' id='word_1_26' title='bbox 448 873 523 934; x_wconf 89' lang='lat' dir='ltr'>ante</span> <span class='ocrx_word' id='word_1_27' title='bbox 538 873 696 934; x_wconf 90' lang='lat' dir='ltr'>certamen</span> <span class='ocrx_word' id='word_1_28' title='bbox 712 870 829 934; x_wconf 84' lang='lat' dir='ltr'>derisas</span> <span class='ocrx_word' id='word_1_29' title='bbox 844 868 884 933; x_wconf 90' lang='lat' dir='ltr'>ab</span> <span class='ocrx_word' id='word_1_30' title='bbox 900 866 1045 932; x_wconf 75' lang='lat' dir='ltr'><strong>hostibus</strong></span> <span class='ocrx_word' id='word_1_31' title='bbox 1061 888 1136 946; x_wconf 89' lang='lat' dir='ltr'>esse,</span> <span class='ocrx_word' id='word_1_32' title='bbox 1159 887 1252 931; x_wconf 91' lang='lat' dir='ltr'>nemo</span> 
     </span>
     <span class='ocr_line' id='line_1_7' title="bbox 81 973 1252 1062; baseline -0.006 -21"><span class='ocrx_word' id='word_1_33' title='bbox 81 979 208 1062; x_wconf 88' lang='lat' dir='ltr'>praeter</span> <span class='ocrx_word' id='word_1_34' title='bbox 223 976 354 1041; x_wconf 81' lang='lat' dir='ltr'>Florum</span> <span class='ocrx_word' id='word_1_35' title='bbox 377 979 410 1040; x_wconf 91' lang='lat' dir='ltr'>et</span> <span class='ocrx_word' id='word_1_36' title='bbox 432 980 593 1041; x_wconf 76' lang='lat' dir='ltr'>auctorem</span> <span class='ocrx_word' id='word_1_37' title='bbox 616 976 654 1040; x_wconf 88' lang='lat' dir='ltr'>de</span> <span class='ocrx_word' id='word_1_38' title='bbox 676 974 732 1039; x_wconf 85' lang='lat' dir='ltr'>vir.</span> <span class='ocrx_word' id='word_1_39' title='bbox 755 975 801 1043; x_wconf 92' lang='lat' dir='ltr'>ill.</span> <span class='ocrx_word' id='word_1_40' title='bbox 825 973 973 1049; x_wconf 80' lang='lat' dir='ltr'>tradidit3</span> <span class='ocrx_word' id='word_1_41' title='bbox 998 973 1128 1038; x_wconf 76' lang='lat' dir='ltr'><strong>miratos</strong></span> <span class='ocrx_word' id='word_1_42' title='bbox 1144 975 1252 1037; x_wconf 90' lang='lat' dir='ltr'>autem</span> 
     </span>
     <span class='ocr_line' id='line_1_8' title="bbox 82 1079 1252 1168; baseline -0.004 -21"><span class='ocrx_word' id='word_1_43' title='bbox 82 1105 151 1148; x_wconf 87' lang='lat' dir='ltr'>esse</span> <span class='ocrx_word' id='word_1_44' title='bbox 181 1081 455 1168; x_wconf 71' lang='lat' dir='ltr'>Carthaginienses</span> <span class='ocrx_word' id='word_1_45' title='bbox 495 1083 566 1147; x_wconf 91' lang='lat' dir='ltr'>illas</span> <span class='ocrx_word' id='word_1_46' title='bbox 596 1083 778 1164; x_wconf 27' lang='lat' dir='ltr'>machinas,</span> <span class='ocrx_word' id='word_1_47' title='bbox 803 1082 888 1165; x_wconf 87' lang='lat' dir='ltr'>apud</span> <span class='ocrx_word' id='word_1_48' title='bbox 920 1079 1088 1164; x_wconf 87' lang='lat' dir='ltr'><strong>Polybium</strong></span> <span class='ocrx_word' id='word_1_49' title='bbox 1117 1081 1252 1165; x_wconf 86' lang='lat' dir='ltr'>legimus</span> 
     </span>
     <span class='ocr_line' id='line_1_9' title="bbox 82 1184 1252 1274; baseline -0.005 -27"><span class='ocrx_word' id='word_1_50' title='bbox 82 1189 123 1274; x_wconf 86' lang='grc' dir='ltr'>(Ι.</span> <span class='ocrx_word' id='word_1_51' title='bbox 147 1191 190 1254; x_wconf 85' lang='grc'>23</span> <span class='ocrx_word' id='word_1_52' title='bbox 217 1185 407 1268; x_wconf 81' lang='grc' dir='ltr'><strong><em>ξενιζόμενοι</em></strong></span> <span class='ocrx_word' id='word_1_53' title='bbox 434 1197 508 1258; x_wconf 85' lang='grc' dir='ltr'><strong>ταῖς</strong></span> <span class='ocrx_word' id='word_1_54' title='bbox 537 1193 605 1248; x_wconf 79' lang='grc' dir='ltr'>τῶν</span> <span class='ocrx_word' id='word_1_55' title='bbox 634 1187 776 1270; x_wconf 70' lang='grc' dir='ltr'><strong><em>ὀργάνων</em></strong></span> <span class='ocrx_word' id='word_1_56' title='bbox 792 1184 1037 1268; x_wconf 76' lang='grc' dir='ltr'><strong><em>κατασκευαῖς).</em></strong></span> <span class='ocrx_word' id='word_1_57' title='bbox 1062 1186 1123 1253; x_wconf 76' lang='lat' dir='ltr'>Sed</span> <span class='ocrx_word' id='word_1_58' title='bbox 1140 1190 1252 1263; x_wconf 67' lang='lat' dir='ltr'>cetera,</span> 
     </span>
     <span class='ocr_line' id='line_1_10' title="bbox 82 1296 1285 1384; baseline -0.003 -22"><span class='ocrx_word' id='word_1_59' title='bbox 82 1319 166 1384; x_wconf 89' lang='lat' dir='ltr'>quae</span> <span class='ocrx_word' id='word_1_60' title='bbox 188 1303 298 1365; x_wconf 89' lang='lat' dir='ltr'>auctor</span> <span class='ocrx_word' id='word_1_61' title='bbox 320 1299 358 1362; x_wconf 89' lang='lat' dir='ltr'>de</span> <span class='ocrx_word' id='word_1_62' title='bbox 382 1299 437 1362; x_wconf 88' lang='lat' dir='ltr'>vir.</span> <span class='ocrx_word' id='word_1_63' title='bbox 460 1299 505 1363; x_wconf 93' lang='lat' dir='ltr'>ill.</span> <span class='ocrx_word' id='word_1_64' title='bbox 531 1299 626 1364; x_wconf 89' lang='lat' dir='ltr'>refert</span> <span class='ocrx_word' id='word_1_65' title='bbox 649 1320 792 1384; x_wconf 89' lang='lat' dir='ltr'>quaeque</span> <span class='ocrx_word' id='word_1_66' title='bbox 815 1299 969 1364; x_wconf 77' lang='lat' dir='ltr'>artissime</span> <span class='ocrx_word' id='word_1_67' title='bbox 990 1296 1139 1363; x_wconf 91' lang='lat' dir='ltr'>cumillis</span> <span class='ocrx_word' id='word_1_68' title='bbox 1163 1301 1253 1360; x_wconf 81' lang='lat' dir='ltr'>»cum</span> <span class='ocrx_word' id='word_1_69' title='bbox 1283 1348 1285 1352; x_wconf 14' lang='grc' dir='ltr'><em>Α</em></span> 
     </span>
     <span class='ocr_line' id='line_1_11' title="bbox 82 1401 1253 1489; baseline -0.006 -20"><span class='ocrx_word' id='word_1_70' title='bbox 82 1405 180 1479; x_wconf 83' lang='lat' dir='ltr'>irrisu</span> <span class='ocrx_word' id='word_1_71' title='bbox 203 1406 361 1470; x_wconf 78' lang='lat' dir='ltr'>hostium«</span> <span class='ocrx_word' id='word_1_72' title='bbox 387 1405 566 1483; x_wconf 75' lang='lat' dir='ltr'>cohaerent,</span> <span class='ocrx_word' id='word_1_73' title='bbox 592 1405 624 1469; x_wconf 82' lang='lat' dir='ltr'>O.</span> <span class='ocrx_word' id='word_1_74' title='bbox 648 1405 792 1470; x_wconf 90' lang='lat' dir='ltr'>Duilium</span> <span class='ocrx_word' id='word_1_75' title='bbox 814 1406 918 1489; x_wconf 90' lang='lat' dir='ltr'>ipsum</span> <span class='ocrx_word' id='word_1_76' title='bbox 942 1405 1072 1469; x_wconf 81' lang='lat' dir='ltr'>classem</span> <span class='ocrx_word' id='word_1_77' title='bbox 1095 1401 1253 1466; x_wconf 87' lang='lat' dir='ltr'>fabricau-</span> 
     </span>
     <span class='ocr_line' id='line_1_12' title="bbox 83 1512 1254 1596; baseline -0.008 -18"><span class='ocrx_word' id='word_1_78' title='bbox 83 1513 158 1578; x_wconf 89' lang='lat' dir='ltr'>dam</span> <span class='ocrx_word' id='word_1_79' title='bbox 184 1534 309 1577; x_wconf 82' lang='lat' dir='ltr'>curasse</span> <span class='ocrx_word' id='word_1_80' title='bbox 340 1512 541 1596; x_wconf 89' lang='lat' dir='ltr'>primumque</span> <span class='ocrx_word' id='word_1_81' title='bbox 571 1535 683 1582; x_wconf 89' lang='lat' dir='ltr'>manus</span> <span class='ocrx_word' id='word_1_82' title='bbox 712 1512 828 1577; x_wconf 83' lang='lat' dir='ltr'>ferreas</span> <span class='ocrx_word' id='word_1_83' title='bbox 859 1512 1045 1590; x_wconf 87' lang='lat' dir='ltr'>instituisse,</span> <span class='ocrx_word' id='word_1_84' title='bbox 1085 1530 1186 1592; x_wconf 91' lang='lat' dir='ltr'>neque</span> <span class='ocrx_word' id='word_1_85' title='bbox 1215 1528 1254 1570; x_wconf 84' lang='lat' dir='ltr'>ex</span> 
     </span>
    </p>
   </div>
   <div class='ocr_carea' id='block_1_3' title="bbox 84 1614 1254 1810">
    <p class='ocr_par' dir='ltr' id='par_1_5' title="bbox 84 1614 1254 1810">
     <span class='ocr_line' id='line_1_13' title="bbox 84 1614 1254 1711; baseline -0.006 -27"><span class='ocrx_word' id='word_1_86' title='bbox 84 1619 180 1684; x_wconf 83' lang='lat' dir='ltr'>Floro</span> <span class='ocrx_word' id='word_1_87' title='bbox 208 1623 336 1702; x_wconf 85' lang='lat' dir='ltr'>sumpta</span> <span class='ocrx_word' id='word_1_88' title='bbox 358 1623 433 1682; x_wconf 88' lang='lat' dir='ltr'>sunt</span> <span class='ocrx_word' id='word_1_89' title='bbox 456 1624 489 1683; x_wconf 90' lang='lat' dir='ltr'>et</span> <span class='ocrx_word' id='word_1_90' title='bbox 511 1623 691 1703; x_wconf 83' lang='lat' dir='ltr'>congruunt</span> <span class='ocrx_word' id='word_1_91' title='bbox 714 1641 785 1711; x_wconf 90' lang='lat' dir='ltr'>cum</span> <span class='ocrx_word' id='word_1_92' title='bbox 808 1619 931 1682; x_wconf 89' lang='lat' dir='ltr'>Zonara</span> <span class='ocrx_word' id='word_1_93' title='bbox 953 1616 1055 1701; x_wconf 84' lang='lat' dir='ltr'><strong>(VIII.</strong></span> <span class='ocrx_word' id='word_1_94' title='bbox 1081 1616 1146 1699; x_wconf 88' lang='lat' dir='ltr'>ll),</span> <span class='ocrx_word' id='word_1_95' title='bbox 1170 1614 1254 1698; x_wconf 89' lang='lat' dir='ltr'>apud</span> 
     </span>
     <span class='ocr_line' id='line_1_14' title="bbox 85 1721 1253 1810; baseline -0.01 -20"><span class='ocrx_word' id='word_1_96' title='bbox 85 1748 178 1810; x_wconf 84' lang='lat' dir='ltr'>quem</span> <span class='ocrx_word' id='word_1_97' title='bbox 209 1726 286 1791; x_wconf 82' lang='lat' dir='ltr'>haec</span> <span class='ocrx_word' id='word_1_98' title='bbox 318 1726 468 1810; x_wconf 80' lang='lat' dir='ltr'>legimus:</span> <span class='ocrx_word' id='word_1_99' title='bbox 504 1723 653 1797; x_wconf 82' lang='grc' dir='ltr'><strong><em>Δοοίλιος</em></strong></span> <span class='ocrx_word' id='word_1_100' title='bbox 682 1760 720 1769; x_wconf 91' lang='lat'>—-</span> <span class='ocrx_word' id='word_1_101' title='bbox 749 1724 953 1804; x_wconf 61' lang='grc' dir='ltr'><strong><em>καταμαθὼν</em></strong></span> <span class='ocrx_word' id='word_1_102' title='bbox 981 1721 1043 1795; x_wconf 84' lang='grc' dir='ltr'>τὰς</span> <span class='ocrx_word' id='word_1_103' title='bbox 1076 1725 1156 1792; x_wconf 79' lang='grc' dir='ltr'><strong><em>ναῦς</em></strong></span> <span class='ocrx_word' id='word_1_104' title='bbox 1187 1727 1253 1779; x_wconf 76' lang='grc' dir='ltr'>τῶν</span> 
     </span>
    </p>
   </div>
   <div class='ocr_carea' id='block_1_4' title="bbox 19 1827 1446 2544">
    <p class='ocr_par' dir='ltr' id='par_1_6' title="bbox 19 1827 1446 2544">
     <span class='ocr_line' id='line_1_15' title="bbox 85 1827 1252 1914; baseline -0.006 -22"><span class='ocrx_word' id='word_1_105' title='bbox 85 1828 315 1914; x_wconf 75' lang='grc' dir='ltr'><strong><em>Καρχηδονίων</em></strong></span> <span class='ocrx_word' id='word_1_106' title='bbox 336 1863 376 1876; x_wconf 90' lang='lat'>-·</span> <span class='ocrx_word' id='word_1_107' title='bbox 397 1835 443 1911; x_wconf 78' lang='grc' dir='ltr'>τῷ</span> <span class='ocrx_word' id='word_1_108' title='bbox 466 1828 559 1911; x_wconf 84' lang='grc' dir='ltr'><strong><em>τάχει</em></strong></span> <span class='ocrx_word' id='word_1_109' title='bbox 581 1827 614 1888; x_wconf 82' lang='grc' dir='ltr'>δέ</span> <span class='ocrx_word' id='word_1_110' title='bbox 634 1833 692 1902; x_wconf 83' lang='grc' dir='ltr'>τῆς</span> <span class='ocrx_word' id='word_1_111' title='bbox 713 1828 853 1914; x_wconf 73' lang='grc' dir='ltr'><strong><em>εἰρηοίας</em></strong></span> <span class='ocrx_word' id='word_1_112' title='bbox 873 1832 928 1890; x_wconf 82' lang='grc' dir='ltr'>καὶ</span> <span class='ocrx_word' id='word_1_113' title='bbox 948 1836 989 1912; x_wconf 78' lang='grc' dir='ltr'>τῇ</span> <span class='ocrx_word' id='word_1_114' title='bbox 1016 1827 1163 1909; x_wconf 79' lang='grc' dir='ltr'><strong><em>ποικιλίᾳ</em></strong></span> <span class='ocrx_word' id='word_1_115' title='bbox 1192 1831 1252 1888; x_wconf 81' lang='grc' dir='ltr'>τοῦ</span> 
     </span>
     <span class='ocr_line' id='line_1_16' title="bbox 85 1927 1253 2014; baseline -0.001 -24"><span class='ocrx_word' id='word_1_116' title='bbox 85 1931 173 1992; x_wconf 81' lang='grc' dir='ltr'><strong><em>πλοῦ</em></strong></span> <span class='ocrx_word' id='word_1_117' title='bbox 195 1931 408 2013; x_wconf 67' lang='grc' dir='ltr'><strong><em>προεχούσας,</em></strong></span> <span class='ocrx_word' id='word_1_118' title='bbox 431 1927 575 2012; x_wconf 84' lang='grc' dir='ltr'><strong><em>μηχανὰς</em></strong></span> <span class='ocrx_word' id='word_1_119' title='bbox 597 1929 738 1992; x_wconf 78' lang='grc' dir='ltr'><strong><em>ἐπὶτῶν</em></strong></span> <span class='ocrx_word' id='word_1_120' title='bbox 759 1936 893 2014; x_wconf 68' lang='grc' dir='ltr'><strong><em>τριηρῶν</em></strong></span> <span class='ocrx_word' id='word_1_121' title='bbox 908 1966 947 1977; x_wconf 90' lang='lat'><em>-</em></span> <span class='ocrx_word' id='word_1_122' title='bbox 959 1927 1197 1991; x_wconf 86' lang='grc' dir='ltr'><strong><em>κατεσκέοασεν</em></strong></span> <span class='ocrx_word' id='word_1_123' title='bbox 1215 1964 1253 1973; x_wconf 95' lang='grc'>-</span> 
     </span>
     <span class='ocr_line' id='line_1_17' title="bbox 86 2032 1254 2119; baseline -0.004 -19"><span class='ocrx_word' id='word_1_124' title='bbox 86 2038 123 2100; x_wconf 87' lang='lat' dir='ltr'>et</span> <span class='ocrx_word' id='word_1_125' title='bbox 145 2056 216 2099; x_wconf 93' lang='lat' dir='ltr'>cum</span> <span class='ocrx_word' id='word_1_126' title='bbox 238 2034 287 2097; x_wconf 88' lang='lat' dir='ltr'>his</span> <span class='ocrx_word' id='word_1_127' title='bbox 312 2032 414 2100; x_wconf 75' lang='lat' dir='ltr'>Oresti</span> <span class='ocrx_word' id='word_1_128' title='bbox 441 2032 564 2118; x_wconf 71' lang='lat' dir='ltr'>(IV.‘7,</span> <span class='ocrx_word' id='word_1_129' title='bbox 592 2035 645 2117; x_wconf 79' lang='lat'>13)</span> <span class='ocrx_word' id='word_1_130' title='bbox 674 2035 792 2099; x_wconf 89' lang='lat' dir='ltr'>verbis:</span> <span class='ocrx_word' id='word_1_131' title='bbox 823 2034 961 2099; x_wconf 85' lang='lat' dir='ltr'>Romani</span> <span class='ocrx_word' id='word_1_132' title='bbox 988 2038 1020 2098; x_wconf 86' lang='lat' dir='ltr'>et</span> <span class='ocrx_word' id='word_1_133' title='bbox 1042 2035 1101 2119; x_wconf 90' lang='lat' dir='ltr'>ipsi</span> <span class='ocrx_word' id='word_1_134' title='bbox 1126 2034 1254 2098; x_wconf 89' lang='lat' dir='ltr'>classem</span> 
     </span>
     <span class='ocr_line' id='line_1_18' title="bbox 83 2121 1446 2225; baseline -0.002 -20"><span class='ocrx_word' id='word_1_135' title='bbox 83 2141 242 2225; x_wconf 76' lang='lat' dir='ltr'>fabricari</span> <span class='ocrx_word' id='word_1_136' title='bbox 264 2144 297 2205; x_wconf 87' lang='lat' dir='ltr'>et</span> <span class='ocrx_word' id='word_1_137' title='bbox 318 2141 433 2206; x_wconf 87' lang='lat' dir='ltr'>instrui</span> <span class='ocrx_word' id='word_1_138' title='bbox 454 2146 693 2225; x_wconf 89' lang='lat' dir='ltr'>praeceperunt,</span> <span class='ocrx_word' id='word_1_139' title='bbox 722 2141 806 2225; x_wconf 87' lang='lat' dir='ltr'>quod</span> <span class='ocrx_word' id='word_1_140' title='bbox 832 2141 956 2205; x_wconf 88' lang='lat' dir='ltr'>Duilius</span> <span class='ocrx_word' id='word_1_141' title='bbox 979 2143 1088 2206; x_wconf 92' lang='lat' dir='ltr'>consul</span> <span class='ocrx_word' id='word_1_142' title='bbox 1112 2141 1255 2206; x_wconf 88' lang='lat' dir='ltr'>celeriter</span> <span class='ocrx_word' id='word_1_143' title='bbox 1322 2164 1343 2191; x_wconf 55' lang='lat'>2</span> <span class='ocrx_word' id='word_1_144' title='bbox 1442 2121 1446 2129; x_wconf 41' lang='lat'>⁸</span> 
     </span>
     <span class='ocr_line' id='line_1_19' title="bbox 86 2245 1254 2332; baseline -0.002 -21"><span class='ocrx_word' id='word_1_145' title='bbox 86 2245 243 2332; x_wconf 79' lang='lat' dir='ltr'>implevit</span> <span class='ocrx_word' id='word_1_146' title='bbox 275 2245 372 2313; x_wconf 90' lang='lat' dir='ltr'>-Nam</span> <span class='ocrx_word' id='word_1_147' title='bbox 402 2247 490 2311; x_wconf 87' lang='lat' dir='ltr'>intra</span> <span class='ocrx_word' id='word_1_148' title='bbox 512 2245 569 2310; x_wconf 88' lang='lat' dir='ltr'>LX</span> <span class='ocrx_word' id='word_1_149' title='bbox 599 2248 696 2328; x_wconf 87' lang='lat' dir='ltr'>diem,</span> <span class='ocrx_word' id='word_1_150' title='bbox 730 2270 825 2332; x_wconf 90' lang='lat' dir='ltr'>qnam</span> <span class='ocrx_word' id='word_1_151' title='bbox 859 2247 984 2312; x_wconf 86' lang='lat' dir='ltr'>arbores</span> <span class='ocrx_word' id='word_1_152' title='bbox 1015 2269 1121 2312; x_wconf 87' lang='lat' dir='ltr'>caesae</span> <span class='ocrx_word' id='word_1_153' title='bbox 1153 2250 1254 2324; x_wconf 90' lang='lat' dir='ltr'>erant,</span> 
     </span>
     <span class='ocr_line' id='line_1_20' title="bbox 19 2351 1437 2438; baseline -0.001 -20"><span class='ocrx_word' id='word_1_154' title='bbox 19 2413 22 2418; x_wconf 89' lang='lat'>.</span> <span class='ocrx_word' id='word_1_155' title='bbox 88 2351 209 2418; x_wconf 80' lang='lat' dir='ltr'>CXXX</span> <span class='ocrx_word' id='word_1_156' title='bbox 231 2354 358 2418; x_wconf 84' lang='lat' dir='ltr'>navium</span> <span class='ocrx_word' id='word_1_157' title='bbox 382 2353 486 2418; x_wconf 88' lang='lat' dir='ltr'>classis</span> <span class='ocrx_word' id='word_1_158' title='bbox 510 2353 644 2418; x_wconf 89' lang='lat' dir='ltr'>deducta</span> <span class='ocrx_word' id='word_1_159' title='bbox 665 2354 699 2416; x_wconf 92' lang='lat' dir='ltr'>in</span> <span class='ocrx_word' id='word_1_160' title='bbox 723 2354 848 2419; x_wconf 90' lang='lat' dir='ltr'>ancoris</span> <span class='ocrx_word' id='word_1_161' title='bbox 877 2354 967 2418; x_wconf 89' lang='lat' dir='ltr'>stetit</span> <span class='ocrx_word' id='word_1_162' title='bbox 994 2391 1030 2400; x_wconf 93' lang='grc'>-</span> <span class='ocrx_word' id='word_1_163' title='bbox 1057 2358 1088 2419; x_wconf 91' lang='lat' dir='ltr'>et</span> <span class='ocrx_word' id='word_1_164' title='bbox 1112 2353 1255 2438; x_wconf 87' lang='lat' dir='ltr'>cumbis</span> <span class='ocrx_word' id='word_1_165' title='bbox 1434 2394 1437 2402; x_wconf 92' lang='lat'>-</span> 
     </span>
     <span class='ocr_line' id='line_1_21' title="bbox 88 2459 1379 2544; baseline -0.002 -18"><span class='ocrx_word' id='word_1_166' title='bbox 88 2460 241 2526; x_wconf 68' lang='lat' dir='ltr'>tumtum</span> <span class='ocrx_word' id='word_1_167' title='bbox 269 2459 335 2541; x_wconf 88' lang='lat' dir='ltr'>(lib.</span> <span class='ocrx_word' id='word_1_168' title='bbox 366 2463 547 2544; x_wconf 87' lang='lat' dir='ltr'>strategem.</span> <span class='ocrx_word' id='word_1_169' title='bbox 571 2459 614 2523; x_wconf 92' lang='grc' dir='ltr'>Π.</span> <span class='ocrx_word' id='word_1_170' title='bbox 643 2461 678 2539; x_wconf 85' lang='grc'>3,</span> <span class='ocrx_word' id='word_1_171' title='bbox 713 2461 783 2543; x_wconf 84' lang='grc'>24);</span> <span class='ocrx_word' id='word_1_172' title='bbox 818 2459 852 2524; x_wconf 80' lang='lat'>0.</span> <span class='ocrx_word' id='word_1_173' title='bbox 876 2460 1011 2527; x_wconf 77' lang='lat' dir='ltr'>Duilius</span> <span class='ocrx_word' id='word_1_174' title='bbox 1040 2481 1110 2525; x_wconf 84' lang='lat' dir='ltr'>curu</span> <span class='ocrx_word' id='word_1_175' title='bbox 1139 2460 1257 2526; x_wconf 76' lang='lat' dir='ltr'>uideret</span> <span class='ocrx_word' id='word_1_176' title='bbox 1375 2492 1379 2500; x_wconf 88' lang='lat'><strong>·</strong></span> 
     </span>
    </p>
   </div>
   <div class='ocr_carea' id='block_1_5' title="bbox 54 2565 1322 3931">
    <p class='ocr_par' dir='ltr' id='par_1_7' title="bbox 54 2565 1322 3931">
     <span class='ocr_line' id='line_1_22' title="bbox 88 2565 1255 2652; baseline 0.001 -22"><span class='ocrx_word' id='word_1_177' title='bbox 88 2588 201 2652; x_wconf 83' lang='lat' dir='ltr'>graves</span> <span class='ocrx_word' id='word_1_178' title='bbox 223 2588 295 2631; x_wconf 89' lang='lat' dir='ltr'>suas</span> <span class='ocrx_word' id='word_1_179' title='bbox 316 2589 411 2630; x_wconf 83' lang='lat' dir='ltr'>naves</span> <span class='ocrx_word' id='word_1_180' title='bbox 433 2566 610 2631; x_wconf 88' lang='lat' dir='ltr'>mobilitate</span> <span class='ocrx_word' id='word_1_181' title='bbox 635 2565 773 2631; x_wconf 86' lang='lat' dir='ltr'>Punicae</span> <span class='ocrx_word' id='word_1_182' title='bbox 795 2568 903 2632; x_wconf 85' lang='lat' dir='ltr'>classis</span> <span class='ocrx_word' id='word_1_183' title='bbox 931 2567 1016 2631; x_wconf 87' lang='lat' dir='ltr'>eludi</span> <span class='ocrx_word' id='word_1_184' title='bbox 1042 2604 1078 2613; x_wconf 93' lang='grc'><strong>-</strong></span> <span class='ocrx_word' id='word_1_185' title='bbox 1104 2565 1255 2651; x_wconf 73' lang='lat' dir='ltr'>excapita-</span> 
     </span>
     <span class='ocr_line' id='line_1_23' title="bbox 54 2672 1256 2741; baseline -0.003 0"><span class='ocrx_word' id='word_1_186' title='bbox 54 2734 58 2741; x_wconf 87' lang='lat'>.</span> <span class='ocrx_word' id='word_1_187' title='bbox 88 2674 135 2739; x_wconf 79' lang='lat' dir='ltr'>vn</span> <span class='ocrx_word' id='word_1_188' title='bbox 156 2694 268 2737; x_wconf 91' lang='lat' dir='ltr'>manus</span> <span class='ocrx_word' id='word_1_189' title='bbox 290 2673 413 2738; x_wconf 85' lang='lat' dir='ltr'>ferreas.</span> <span class='ocrx_word' id='word_1_190' title='bbox 438 2710 479 2721; x_wconf 91' lang='lat'>-</span> <span class='ocrx_word' id='word_1_191' title='bbox 504 2672 652 2738; x_wconf 90' lang='lat' dir='ltr'>Orosinm</span> <span class='ocrx_word' id='word_1_192' title='bbox 676 2696 713 2738; x_wconf 87' lang='lat' dir='ltr'>ex</span> <span class='ocrx_word' id='word_1_193' title='bbox 739 2672 829 2738; x_wconf 87' lang='lat' dir='ltr'>Livio</span> <span class='ocrx_word' id='word_1_194' title='bbox 859 2696 915 2739; x_wconf 90' lang='lat' dir='ltr'>sua</span> <span class='ocrx_word' id='word_1_195' title='bbox 947 2673 1088 2738; x_wconf 84' lang='lat' dir='ltr'>hausisse</span> <span class='ocrx_word' id='word_1_196' title='bbox 1110 2673 1256 2739; x_wconf 88' lang='lat' dir='ltr'>Moerne-</span> 
     </span>
     <span class='ocr_line' id='line_1_24' title="bbox 88 2779 1256 2865; baseline 0 -20"><span class='ocrx_word' id='word_1_197' title='bbox 88 2780 155 2845; x_wconf 90' lang='lat' dir='ltr'>rius</span> <span class='ocrx_word' id='word_1_198' title='bbox 178 2779 256 2863; x_wconf 88' lang='grc'><strong>(1.1.</strong></span> <span class='ocrx_word' id='word_1_199' title='bbox 280 2803 311 2864; x_wconf 91' lang='lat' dir='ltr'>p.</span> <span class='ocrx_word' id='word_1_200' title='bbox 339 2781 413 2863; x_wconf 88' lang='grc'><strong>113)</strong></span> <span class='ocrx_word' id='word_1_201' title='bbox 436 2783 522 2845; x_wconf 86' lang='lat' dir='ltr'>recte</span> <span class='ocrx_word' id='word_1_202' title='bbox 544 2781 658 2844; x_wconf 84' lang='lat' dir='ltr'>statuit</span> <span class='ocrx_word' id='word_1_203' title='bbox 680 2801 782 2864; x_wconf 88' lang='lat' dir='ltr'>neque</span> <span class='ocrx_word' id='word_1_204' title='bbox 805 2780 943 2844; x_wconf 89' lang='lat' dir='ltr'>dubitari</span> <span class='ocrx_word' id='word_1_205' title='bbox 967 2783 1087 2865; x_wconf 91' lang='lat' dir='ltr'>potest,</span> <span class='ocrx_word' id='word_1_206' title='bbox 1118 2780 1195 2864; x_wconf 92' lang='lat' dir='ltr'>quin</span> <span class='ocrx_word' id='word_1_207' title='bbox 1219 2803 1256 2845; x_wconf 89' lang='lat' dir='ltr'>ea</span> 
     </span>
     <span class='ocr_line' id='line_1_25' title="bbox 89 2885 1257 2970; baseline -0.001 -19"><span class='ocrx_word' id='word_1_208' title='bbox 89 2886 281 2964; x_wconf 86' lang='lat' dir='ltr'>similitudo,</span> <span class='ocrx_word' id='word_1_209' title='bbox 318 2908 398 2970; x_wconf 88' lang='lat' dir='ltr'>quae</span> <span class='ocrx_word' id='word_1_210' title='bbox 428 2887 513 2952; x_wconf 89' lang='lat' dir='ltr'>inter</span> <span class='ocrx_word' id='word_1_211' title='bbox 545 2887 600 2951; x_wconf 90' lang='lat' dir='ltr'>illa</span> <span class='ocrx_word' id='word_1_212' title='bbox 639 2886 734 2952; x_wconf 88' lang='lat' dir='ltr'>verba</span> <span class='ocrx_word' id='word_1_213' title='bbox 766 2886 853 2951; x_wconf 87' lang='lat' dir='ltr'>Flori</span> <span class='ocrx_word' id='word_1_214' title='bbox 884 2889 917 2952; x_wconf 83' lang='lat' dir='ltr'>et</span> <span class='ocrx_word' id='word_1_215' title='bbox 947 2885 1050 2952; x_wconf 88' lang='lat' dir='ltr'>Orosii</span> <span class='ocrx_word' id='word_1_216' title='bbox 1082 2887 1257 2965; x_wconf 87' lang='lat' dir='ltr'>intercedit,</span> 
     </span>
     <span class='ocr_line' id='line_1_26' title="bbox 91 2992 1256 3077; baseline 0.002 -22"><span class='ocrx_word' id='word_1_217' title='bbox 91 3027 135 3039; x_wconf 86' lang='lat'><em>-</em></span> <span class='ocrx_word' id='word_1_218' title='bbox 157 2995 195 3055; x_wconf 88' lang='lat' dir='ltr'>ut</span> <span class='ocrx_word' id='word_1_219' title='bbox 225 2992 323 3076; x_wconf 88' lang='lat' dir='ltr'>ipsius</span> <span class='ocrx_word' id='word_1_220' title='bbox 351 2992 520 3058; x_wconf 89' lang='lat' dir='ltr'>Moernerii</span> <span class='ocrx_word' id='word_1_221' title='bbox 550 2993 653 3058; x_wconf 86' lang='lat' dir='ltr'>verbis</span> <span class='ocrx_word' id='word_1_222' title='bbox 680 2996 754 3057; x_wconf 89' lang='lat' dir='ltr'>utar</span> <span class='ocrx_word' id='word_1_223' title='bbox 776 2992 811 3076; x_wconf 86' lang='lat' dir='ltr'>(l.</span> <span class='ocrx_word' id='word_1_224' title='bbox 835 2993 856 3057; x_wconf 90' lang='lat' dir='ltr'>l.</span> <span class='ocrx_word' id='word_1_225' title='bbox 880 3016 911 3077; x_wconf 92' lang='lat' dir='ltr'>p.</span> <span class='ocrx_word' id='word_1_226' title='bbox 936 2994 1013 3077; x_wconf 82' lang='lat'>140)</span> <span class='ocrx_word' id='word_1_227' title='bbox 1036 3031 1079 3040; x_wconf 92' lang='lat'>—</span> <span class='ocrx_word' id='word_1_228' title='bbox 1102 3016 1167 3059; x_wconf 91' lang='lat' dir='ltr'>non</span> <span class='ocrx_word' id='word_1_229' title='bbox 1188 2996 1256 3058; x_wconf 83' lang='lat' dir='ltr'>tarn</span> 
     </span>
     <span class='ocr_line' id='line_1_27' title="bbox 91 3096 1256 3184; baseline -0.001 -20"><span class='ocrx_word' id='word_1_230' title='bbox 91 3120 131 3164; x_wconf 83' lang='lat' dir='ltr'>er</span> <span class='ocrx_word' id='word_1_231' title='bbox 153 3096 208 3164; x_wconf 85' lang='lat' dir='ltr'>illo</span> <span class='ocrx_word' id='word_1_232' title='bbox 230 3099 271 3166; x_wconf 90' lang='lat' dir='ltr'>ab</span> <span class='ocrx_word' id='word_1_233' title='bbox 293 3098 355 3164; x_wconf 90' lang='lat' dir='ltr'>hoc</span> <span class='ocrx_word' id='word_1_234' title='bbox 376 3103 538 3184; x_wconf 86' lang='lat' dir='ltr'>usurpate,</span> <span class='ocrx_word' id='word_1_235' title='bbox 562 3121 656 3182; x_wconf 88' lang='lat' dir='ltr'>quam</span> <span class='ocrx_word' id='word_1_236' title='bbox 680 3123 697 3165; x_wconf 94' lang='lat' dir='ltr'>e</span> <span class='ocrx_word' id='word_1_237' title='bbox 720 3100 879 3164; x_wconf 91' lang='lat' dir='ltr'>communi</span> <span class='ocrx_word' id='word_1_238' title='bbox 903 3099 1066 3183; x_wconf 91' lang='lat' dir='ltr'>utriusque</span> <span class='ocrx_word' id='word_1_239' title='bbox 1090 3101 1180 3165; x_wconf 85' lang='lat' dir='ltr'>fonte</span> <span class='ocrx_word' id='word_1_240' title='bbox 1203 3123 1256 3164; x_wconf 87' lang='lat' dir='ltr'>cx-</span> 
     </span>
     <span class='ocr_line' id='line_1_28' title="bbox 90 3204 1257 3290; baseline 0.003 -22"><span class='ocrx_word' id='word_1_241' title='bbox 90 3204 241 3290; x_wconf 86' lang='lat' dir='ltr'>plicanda</span> <span class='ocrx_word' id='word_1_242' title='bbox 261 3207 304 3270; x_wconf 88' lang='lat' dir='ltr'>sit</span> <span class='ocrx_word' id='word_1_243' title='bbox 331 3204 398 3288; x_wconf 83' lang='lat' dir='ltr'>(cfr.</span> <span class='ocrx_word' id='word_1_244' title='bbox 430 3207 527 3271; x_wconf 89' lang='lat' dir='ltr'>etiam</span> <span class='ocrx_word' id='word_1_245' title='bbox 549 3205 630 3271; x_wconf 91' lang='lat' dir='ltr'>Plin.</span> <span class='ocrx_word' id='word_1_246' title='bbox 655 3206 685 3271; x_wconf 93' lang='lat' dir='ltr'>h.</span> <span class='ocrx_word' id='word_1_247' title='bbox 708 3230 740 3272; x_wconf 92' lang='lat' dir='ltr'>n.</span> <span class='ocrx_word' id='word_1_248' title='bbox 765 3205 963 3286; x_wconf 71' lang='lat' dir='ltr'>Xuiros).</span> <span class='ocrx_word' id='word_1_249' title='bbox 1010 3207 1124 3272; x_wconf 88' lang='lat' dir='ltr'>Manus</span> <span class='ocrx_word' id='word_1_250' title='bbox 1141 3208 1257 3272; x_wconf 86' lang='lat' dir='ltr'>ferreas</span> 
     </span>
     <span class='ocr_line' id='line_1_29' title="bbox 87 3303 1322 3400; baseline 0.002 -24"><span class='ocrx_word' id='word_1_251' title='bbox 87 3310 188 3397; x_wconf 83' lang='lat' dir='ltr'>igitur</span> <span class='ocrx_word' id='word_1_252' title='bbox 218 3311 258 3376; x_wconf 89' lang='lat' dir='ltr'>ab</span> <span class='ocrx_word' id='word_1_253' title='bbox 288 3311 434 3377; x_wconf 89' lang='lat' dir='ltr'>hostibus</span> <span class='ocrx_word' id='word_1_254' title='bbox 467 3312 583 3378; x_wconf 88' lang='lat' dir='ltr'>derisas</span> <span class='ocrx_word' id='word_1_255' title='bbox 611 3334 675 3378; x_wconf 90' lang='lat' dir='ltr'>esse</span> <span class='ocrx_word' id='word_1_256' title='bbox 707 3335 744 3377; x_wconf 83' lang='lat' dir='ltr'>ex</span> <span class='ocrx_word' id='word_1_257' title='bbox 775 3314 883 3378; x_wconf 88' lang='lat' dir='ltr'>eodem</span> <span class='ocrx_word' id='word_1_258' title='bbox 914 3313 1005 3377; x_wconf 83' lang='lat' dir='ltr'>Livio</span> <span class='ocrx_word' id='word_1_259' title='bbox 1036 3319 1197 3400; x_wconf 87' lang='lat' dir='ltr'>sumptum</span> <span class='ocrx_word' id='word_1_260' title='bbox 1225 3319 1258 3380; x_wconf 88' lang='lat' dir='ltr'>et</span> <span class='ocrx_word' id='word_1_261' title='bbox 1319 3303 1322 3306; x_wconf 35' lang='lat'><em>¹</em></span> 
     </span>
     <span class='ocr_line' id='line_1_30' title="bbox 87 3416 1257 3499; baseline 0.003 -17"><span class='ocrx_word' id='word_1_262' title='bbox 87 3416 202 3482; x_wconf 82' lang='lat' dir='ltr'>Florus</span> <span class='ocrx_word' id='word_1_263' title='bbox 225 3421 257 3484; x_wconf 91' lang='lat' dir='ltr'>et</span> <span class='ocrx_word' id='word_1_264' title='bbox 280 3423 390 3484; x_wconf 89' lang='lat' dir='ltr'>auctor</span> <span class='ocrx_word' id='word_1_265' title='bbox 411 3422 516 3484; x_wconf 83' lang='lat' dir='ltr'>noster</span> <span class='ocrx_word' id='word_1_266' title='bbox 539 3421 691 3499; x_wconf 88' lang='lat' dir='ltr'>referunt,</span> <span class='ocrx_word' id='word_1_267' title='bbox 716 3420 846 3485; x_wconf 90' lang='lat' dir='ltr'>classem</span> <span class='ocrx_word' id='word_1_268' title='bbox 869 3423 902 3484; x_wconf 91' lang='lat' dir='ltr'>et</span> <span class='ocrx_word' id='word_1_269' title='bbox 924 3420 1086 3485; x_wconf 88' lang='lat' dir='ltr'>machinas</span> <span class='ocrx_word' id='word_1_270' title='bbox 1109 3445 1128 3486; x_wconf 92' lang='lat' dir='ltr'>a</span> <span class='ocrx_word' id='word_1_271' title='bbox 1148 3421 1257 3489; x_wconf 87' lang='lat' dir='ltr'>Duilio</span> 
     </span>
     <span class='ocr_line' id='line_1_31' title="bbox 89 3514 1257 3613; baseline 0.003 -24"><span class='ocrx_word' id='word_1_272' title='bbox 89 3525 194 3609; x_wconf 91' lang='lat' dir='ltr'>primo</span> <span class='ocrx_word' id='word_1_273' title='bbox 215 3525 380 3590; x_wconf 90' lang='lat' dir='ltr'>institutas</span> <span class='ocrx_word' id='word_1_274' title='bbox 403 3527 489 3613; x_wconf 74' lang='lat' dir='ltr'>solus</span> <span class='ocrx_word' id='word_1_275' title='bbox 513 3530 623 3592; x_wconf 90' lang='lat' dir='ltr'>auctor</span> <span class='ocrx_word' id='word_1_276' title='bbox 645 3526 685 3590; x_wconf 89' lang='lat' dir='ltr'>de</span> <span class='ocrx_word' id='word_1_277' title='bbox 709 3528 764 3592; x_wconf 87' lang='lat' dir='ltr'>vir.</span> <span class='ocrx_word' id='word_1_278' title='bbox 788 3527 833 3592; x_wconf 93' lang='grc'><strong>111.</strong></span> <span class='ocrx_word' id='word_1_279' title='bbox 856 3549 894 3592; x_wconf 88' lang='lat' dir='ltr'>ex</span> <span class='ocrx_word' id='word_1_280' title='bbox 910 3524 993 3590; x_wconf 89' lang='lat' dir='ltr'>Livii</span> <span class='ocrx_word' id='word_1_281' title='bbox 1013 3514 1184 3592; x_wconf 82' lang='lat' dir='ltr'>annalibus</span> <span class='ocrx_word' id='word_1_282' title='bbox 1203 3528 1257 3592; x_wconf 88' lang='lat' dir='ltr'>de-</span> 
     </span>
     <span class='ocr_line' id='line_1_32' title="bbox 88 3626 1258 3717; baseline 0.001 -22"><span class='ocrx_word' id='word_1_283' title='bbox 88 3631 256 3717; x_wconf 89' lang='lat' dir='ltr'>prompsit.</span> <span class='ocrx_word' id='word_1_284' title='bbox 307 3631 443 3717; x_wconf 85' lang='lat' dir='ltr'>lnsuper</span> <span class='ocrx_word' id='word_1_285' title='bbox 476 3634 514 3697; x_wconf 90' lang='lat' dir='ltr'>de</span> <span class='ocrx_word' id='word_1_286' title='bbox 545 3633 717 3698; x_wconf 89' lang='lat' dir='ltr'>honoribus</span> <span class='ocrx_word' id='word_1_287' title='bbox 747 3632 855 3697; x_wconf 90' lang='lat' dir='ltr'>Duilio</span> <span class='ocrx_word' id='word_1_288' title='bbox 887 3626 1004 3698; x_wconf 86' lang='lat' dir='ltr'>habitis</span> <span class='ocrx_word' id='word_1_289' title='bbox 1033 3633 1157 3698; x_wconf 87' lang='lat' dir='ltr'>Liviani</span> <span class='ocrx_word' id='word_1_290' title='bbox 1184 3632 1258 3697; x_wconf 92' lang='lat' dir='ltr'>libri</span> 
     </span>
     <span class='ocr_line' id='line_1_33' title="bbox 90 3736 1257 3825; baseline 0 -21"><span class='ocrx_word' id='word_1_291' title='bbox 90 3737 187 3804; x_wconf 90' lang='lat' dir='ltr'>XVII</span> <span class='ocrx_word' id='word_1_292' title='bbox 203 3739 350 3822; x_wconf 88' lang='lat' dir='ltr'>periocha</span> <span class='ocrx_word' id='word_1_293' title='bbox 366 3743 398 3804; x_wconf 90' lang='lat' dir='ltr'>et</span> <span class='ocrx_word' id='word_1_294' title='bbox 414 3738 558 3804; x_wconf 89' lang='lat' dir='ltr'>Valerius</span> <span class='ocrx_word' id='word_1_295' title='bbox 582 3739 739 3804; x_wconf 83' lang='lat' dir='ltr'>Maximus</span> <span class='ocrx_word' id='word_1_296' title='bbox 763 3736 844 3825; x_wconf 88' lang='lat' dir='ltr'>(sine</span> <span class='ocrx_word' id='word_1_297' title='bbox 869 3739 962 3804; x_wconf 88' lang='lat' dir='ltr'>dubio</span> <span class='ocrx_word' id='word_1_298' title='bbox 978 3738 1101 3804; x_wconf 86' lang='lat' dir='ltr'>Livium</span> <span class='ocrx_word' id='word_1_299' title='bbox 1121 3740 1257 3824; x_wconf 85' lang='lat' dir='ltr'>secutus)</span> 
     </span>
     <span class='ocr_line' id='line_1_34' title="bbox 90 3846 1152 3931; baseline 0.001 -22"><span class='ocrx_word' id='word_1_300' title='bbox 90 3847 186 3930; x_wconf 90' lang='lat' dir='ltr'>plane</span> <span class='ocrx_word' id='word_1_301' title='bbox 209 3866 279 3909; x_wconf 91' lang='lat' dir='ltr'>curn</span> <span class='ocrx_word' id='word_1_302' title='bbox 300 3850 427 3911; x_wconf 84' lang='lat' dir='ltr'>auctore</span> <span class='ocrx_word' id='word_1_303' title='bbox 449 3850 558 3911; x_wconf 89' lang='lat' dir='ltr'>nostro</span> <span class='ocrx_word' id='word_1_304' title='bbox 582 3856 613 3912; x_wconf 88' lang='lat' dir='ltr'>et</span> <span class='ocrx_word' id='word_1_305' title='bbox 636 3847 731 3912; x_wconf 84' lang='lat' dir='ltr'>Floro</span> <span class='ocrx_word' id='word_1_306' title='bbox 754 3846 805 3910; x_wconf 91' lang='lat' dir='ltr'>his</span> <span class='ocrx_word' id='word_1_307' title='bbox 828 3846 931 3910; x_wconf 83' lang='lat' dir='ltr'>verbis</span> <span class='ocrx_word' id='word_1_308' title='bbox 956 3850 1152 3931; x_wconf 82' lang='lat' dir='ltr'>congruunt:</span> 
     </span>
    </p>
   </div>
   <div class='ocr_carea' id='block_1_6' title="bbox 84 4003 1259 4251">
    <p class='ocr_par' dir='ltr' id='par_1_8' title="bbox 84 4003 1259 4251">
     <span class='ocr_line' id='line_1_35' title="bbox 223 4003 1170 4074; baseline 0 -17"><span class='ocrx_word' id='word_1_309' title='bbox 223 4003 278 4057; x_wconf 88' lang='lat' dir='ltr'>Vul.</span> <span class='ocrx_word' id='word_1_310' title='bbox 297 4003 375 4058; x_wconf 77' lang='lat' dir='ltr'>Max.</span> <span class='ocrx_word' id='word_1_311' title='bbox 395 4005 452 4059; x_wconf 87' lang='lat' dir='ltr'><strong><em>III.</em></strong></span> <span class='ocrx_word' id='word_1_312' title='bbox 471 4008 495 4057; x_wconf 53' lang='lat'>6⁵</span> <span class='ocrx_word' id='word_1_313' title='bbox 514 4009 538 4058; x_wconf 86' lang='lat'>4.</span> <span class='ocrx_word' id='word_1_314' title='bbox 782 4004 842 4060; x_wconf 80' lang='lat' dir='ltr'>Diu.</span> <span class='ocrx_word' id='word_1_315' title='bbox 860 4005 917 4060; x_wconf 72' lang='lat' dir='ltr'>latr.</span> <span class='ocrx_word' id='word_1_316' title='bbox 936 4005 1036 4059; x_wconf 85' lang='lat' dir='ltr'><strong><em>XVII.</em></strong></span> <span class='ocrx_word' id='word_1_317' title='bbox 1055 4006 1170 4074; x_wconf 65' lang='lat' dir='ltr'>panocla</span> 
     </span>
     <span class='ocr_line' id='line_1_36' title="bbox 84 4091 1258 4164; baseline 0.003 -20"><span class='ocrx_word' id='word_1_318' title='bbox 84 4094 89 4100; x_wconf 83' lang='lat'><strong><em>‘</em></strong></span> <span class='ocrx_word' id='word_1_319' title='bbox 129 4091 346 4160; x_wconf 86' lang='lat' dir='ltr'>quotiescumque</span> <span class='ocrx_word' id='word_1_320' title='bbox 363 4094 497 4160; x_wconf 83' lang='lat' dir='ltr'>epulatus</span> <span class='ocrx_word' id='word_1_321' title='bbox 525 4099 596 4161; x_wconf 89' lang='lat' dir='ltr'>erat,</span> <span class='ocrx_word' id='word_1_322' title='bbox 626 4093 659 4146; x_wconf 86' lang='lat' dir='ltr'>ad</span> <span class='ocrx_word' id='word_1_323' title='bbox 731 4094 756 4149; x_wconf 93' lang='lat' dir='ltr'>ei</span> <span class='ocrx_word' id='word_1_324' title='bbox 773 4099 921 4164; x_wconf 83' lang='lat' dir='ltr'>perpetuus</span> <span class='ocrx_word' id='word_1_325' title='bbox 934 4109 1040 4163; x_wconf 87' lang='lat' dir='ltr'>quoque</span> <span class='ocrx_word' id='word_1_326' title='bbox 1052 4094 1138 4148; x_wconf 90' lang='lat' dir='ltr'>honos</span> <span class='ocrx_word' id='word_1_327' title='bbox 1150 4093 1258 4148; x_wconf 86' lang='lat' dir='ltr'>habitus</span> 
     </span>
     <span class='ocr_line' id='line_1_37' title="bbox 91 4178 1259 4251; baseline 0.002 -16"><span class='ocrx_word' id='word_1_328' title='bbox 91 4178 213 4235; x_wconf 79' lang='lat' dir='ltr'>funalem</span> <span class='ocrx_word' id='word_1_329' title='bbox 225 4195 332 4235; x_wconf 89' lang='lat' dir='ltr'>cereum</span> <span class='ocrx_word' id='word_1_330' title='bbox 341 4187 488 4250; x_wconf 87' lang='lat' dir='ltr'>praeeunte</span> <span class='ocrx_word' id='word_1_331' title='bbox 507 4181 619 4235; x_wconf 87' lang='lat' dir='ltr'>tibicine</span> <span class='ocrx_word' id='word_1_332' title='bbox 632 4188 660 4236; x_wconf 86' lang='lat' dir='ltr'>et</span> <span class='ocrx_word' id='word_1_333' title='bbox 695 4188 748 4251; x_wconf 85' lang='lat' dir='ltr'>eat,</span> <span class='ocrx_word' id='word_1_334' title='bbox 784 4190 815 4239; x_wconf 92' lang='lat' dir='ltr'>ut</span> <span class='ocrx_word' id='word_1_335' title='bbox 844 4183 1028 4238; x_wconf 85' lang='lat' dir='ltr'>revertentia</span> <span class='ocrx_word' id='word_1_336' title='bbox 1051 4198 1117 4238; x_wconf 91' lang='lat' dir='ltr'>cena</span> <span class='ocrx_word' id='word_1_337' title='bbox 1147 4183 1259 4238; x_wconf 91' lang='lat' dir='ltr'>tibicine</span> 
     </span>
    </p>
   </div>
   <div class='ocr_carea' id='block_1_7' title="bbox 91 4266 1207 4412">
    <p class='ocr_par' dir='ltr' id='par_1_9' title="bbox 91 4266 1207 4412">
     <span class='ocr_line' id='line_1_38' title="bbox 91 4266 1207 4342; baseline 0.005 -20"><span class='ocrx_word' id='word_1_338' title='bbox 91 4266 200 4324; x_wconf 83' lang='lat' dir='ltr'>fidicine</span> <span class='ocrx_word' id='word_1_339' title='bbox 218 4284 235 4324; x_wconf 89' lang='lat' dir='ltr'>a</span> <span class='ocrx_word' id='word_1_340' title='bbox 253 4285 339 4324; x_wconf 90' lang='lat' dir='ltr'>coena</span> <span class='ocrx_word' id='word_1_341' title='bbox 356 4270 462 4325; x_wconf 87' lang='lat' dir='ltr'>domum</span> <span class='ocrx_word' id='word_1_342' title='bbox 479 4271 579 4326; x_wconf 78' lang='lat' dir='ltr'>reverti</span> <span class='ocrx_word' id='word_1_343' title='bbox 597 4271 659 4326; x_wconf 85' lang='lat' dir='ltr'>soli·</span> <span class='ocrx_word' id='word_1_344' title='bbox 695 4277 808 4327; x_wconf 88' lang='lat' dir='ltr'>canente</span> <span class='ocrx_word' id='word_1_345' title='bbox 827 4271 919 4328; x_wconf 83' lang='lat' dir='ltr'>funale</span> <span class='ocrx_word' id='word_1_346' title='bbox 937 4271 1128 4342; x_wconf 86' lang='lat' dir='ltr'>praeferretur.</span> <span class='ocrx_word' id='word_1_347' title='bbox 1195 4324 1207 4342; x_wconf 49' lang='lat'><em>0</em></span> 
     </span>
     <span class='ocr_line' id='line_1_39' title="bbox 95 4362 207 4412; baseline 0 -1"><span class='ocrx_word' id='word_1_348' title='bbox 95 4362 207 4412; x_wconf 82' lang='lat' dir='ltr'>tuaest.</span> 
     </span>
    </p>
   </div>
   <div class='ocr_carea' id='block_1_8' title="bbox 0 0 1497 5136">
    <p class='ocr_par' dir='ltr' id='par_1_10' title="bbox 0 0 1497 5136">
     <span class='ocr_line' id='line_1_40' title="bbox 0 0 1497 5136; baseline 0 0"><span class='ocrx_word' id='word_1_349' title='bbox 0 0 1497 5136; x_wconf 95' lang='lat' dir='ltr'> </span> 
     </span>
    </p>
   </div>
  </div>
 </body>
</html>
