2954 5136
622 245 840 343 ...42¹-

235 440 313 506 (lum
346 441 426 507 aeris
459 441 555 506 alieni
587 440 809 527 magnitudine
840 463 1023 526 oppressam
1054 441 1180 525 plebem
1212 438 1332 503 fecisse

146 548 352 612 secessionem
390 546 506 612 Antias
545 549 657 614 ceteris
696 549 903 632 scriptoribus
939 547 1120 612 adversatus
1149 545 1332 611 memoriae

146 654 320 738 prodiderit
337 652 406 738 (cfr.
422 653 598 741 Nitschius,
615 655 653 720 (16
669 655 775 719 66661.
793 638 936 739 scriptor.
954 654 1090 718 Roman.
1108 678 1139 739 p.
1159 654 1210 732 74,
1229 651 1335 736 sqq),-

145 783 183 825 ex
206 760 302 826 huius
325 761 493 826 annalibus
516 762 641 826 fluxisse
663 761 719 825 illa
741 762 837 826 verba
860 762 1041 845 proximum
1066 783 1138 826 vero
1162 763 1221 828 cst.

234 884 354 950 Eodem
377 888 483 949 autem
499 886 602 969 capite
618 886 703 949 solus
720 889 831 951 auctor
846 886 884 949 de
899 886 957 951 vir.
973 885 1018 950 ill.
1035 884 1191 951 Menenio
1198 883 1328 971 Agrip-

146 1014 205 1075 pac
236 1012 410 1076 cognomen
433 991 593 1056 Lanatum
624 992 740 1057 indidit
771 995 804 1056 et
831 1015 900 1075 cap.
925 991 989 1056 XII
1018 991 1124 1057 Mucio
1147 990 1329 1056 Scaevolae
1391 988 1396 993 ’

146 1120 323 1183 cognomen
333 1097 480 1177 Cordum,
494 1098 579 1182 quod
595 1103 830 1182 nemopraeter
843 1097 1024 1183 Ampelium
1038 1097 1120 1181 (XX.
1138 1098 1171 1182 3)
1196 1101 1229 1161 et
1246 1097 1328 1162 Dio-

82 1254 87 1265 .
145 1205 273 1288 nysium
298 1203 349 1287 (V.
374 1206 430 1290 25)
455 1206 483 1268 61
506 1206 665 1291 imposuit.
712 1205 820 1290 Atque
844 1207 973 1270 omnino
1002 1229 1126 1273 summa
1153 1204 1328 1291 diligentia

26 1388 30 1398 Ι
144 1312 327 1376 nominibus
359 1312 548 1398 cognomina
573 1317 605 1376 et
634 1313 807 1399 agnomina
832 1315 872 1377 ab
895 1316 1023 1378 auctore
1046 1313 1084 1376 de
1107 1313 1164 1376 vir.
1187 1311 1327 1377 11164-

145 1419 273 1496 duntur,
298 1423 331 1482 61
353 1419 437 1484 unde
461 1420 619 1505 originem
641 1422 767 1506 singula
790 1421 941 1501 habeant,
966 1419 1193 1484 studiosissimo
1217 1419 1262 1483 ab
1287 1440 1327 1482 eo

145 1526 259 1609 exponi
282 1526 363 1590 solet
388 1525 457 1608 (cfr.
481 1549 506 1590 c.
527 1527 562 1604 48,
589 1528 640 1604 10,
667 1528 717 1604 11,
745 1531 795 1607 15,
823 1528 873 1605 19,
898 1528 950 1604 24,
976 1528 1030 1602 28,
1047 1527 1100 1605 29,
1118 1527 1170 1605 31,
1188 1527 1242 1604 32,
1268 1525 1324 1606 34,

147 1632 187 1695 37
212 1632 297 1716 etc).
344 1632 392 1696 De
416 1634 656 1719 cognominibus
679 1622 780 1719 igitur
803 1632 956 1698 Romanis
984 1632 1062 1698 haec
1090 1631 1327 1697 Mommsenius

146 1739 296 1803 iudicavit
325 1740 466 1823 (Quaest.
493 1741 628 1805 Roman.
653 1763 683 1823 p.
708 1741 797 1825 48):-
825 1740 926 1806 »Sehr
948 1738 1218 1825 ,uahrscheinlicb
1251 1739 1328 1804 sind

146 1846 207 1939 alle
230 1847 494 1932 genealogisohen
517 1847 663 1926 Notiaen,
688 1849 783 1912 sowie
805 1847 1023 1913 saemmtliohe
1040 1846 1231 1932 cognomina
1257 1850 1328 1911 erst

146 1954 180 2016 in
203 1953 258 2017 der
281 1957 429 2037 sptiteren
451 1954 748 2038 republikanischen
772 1955 841 2019 Zeit
869 1977 926 2018 aus
956 1955 1017 2018 (166
1041 1952 1326 2018 Stammbaeumen

56 2133 59 2140 ¹
147 2061 202 2125 (166
225 2060 388 2126 einzelnen
411 2059 636 2126 Gesohlechter
658 2062 765 2126 indie
789 2063 892 2126 666116
909 2061 997 2126 Lista
1013 2062 1220 2147 eingetrageu
1239 2081 1326 2124 wor-

75 2160 76 2168 '
147 2166 236 2231 den«
284 2168 397 2251 Itaque
419 2169 527 2232 omnia
557 2169 613 2233 illa
642 2169 778 2234 auctoris
811 2169 910 2232 nostri
943 2169 1048 2253 capita
1080 2169 1120 2231 ad
1152 2167 1326 2232 Antiatem

146 2266 313 2339 referenda
336 2296 401 2339 esse
424 2275 582 2339 videntur.
1347 2344 1352 2369 Ι

235 2380 379 2455 Eundem
403 2370 587 2466 scriptorem
613 2380 777 2446 Cornelius
799 2379 905 2466 Nepos
928 2381 962 2444 in
985 2381 1052 2444 vita
1075 2379 1204 2444 0616616
1233 2401 1325 2445 com·

147 2487 292 2572 ponenda
306 2491 430 2553 secutus
446 2492 502 2568 est,
520 2512 591 2554 cum
603 2488 686 2573 apud
700 2492 862 2553 auctorem
879 2487 988 2552 devir.
1005 2488 1050 2551 ill.
1075 2509 1101 2552 6.
1117 2485 1239 2555 XLVII
1255 2510 1324 2552 soe-

146 2595 219 2660 leris
242 2619 261 2659 a
283 2595 319 2659 L.
337 2594 520 2659 Flaminino
545 2590 673 2659 admissi
689 2617 760 2659 eam
775 2594 993 2658 narrationem
1008 2595 1142 2684 relatam
1161 2595 1322 2680 legamus,

147 2725 243 2787 quam
266 2701 387 2767 Valerii
409 2702 552 2767 Antiatis
575 2702 738 2787 propriam
761 2723 826 2766 esse
849 2701 959 2766 Livius
982 2701 1129 2766 XXXIX.
1153 2702 1196 2765 43
1219 2704 1324 2766 16616-

146 2813 208 2874 166.
256 2807 454 2876 Postremum
477 2809 667 2874 Hannibalis
690 2810 791 2874 vitam
814 2831 851 2872 ex
868 2808 1001 2875 Antiate
1023 2810 1148 2874 fluxisse
1163 2810 1321 2893 suspicor,

148 2917 232 2999 quod
255 2918 287 2979 et
309 2916 361 2980 hic
377 2914 446 2998 (cfr.
471 2916 540 2981 Liv.
558 2915 703 2982 XXXIX.
729 2917 785 3000 56)
809 2920 965 2981 61666166
989 2917 1027 2980 (16
1043 2917 1101 2981 vir.
1120 2916 1165 2979 ill.
1182 2937 1209 2979 6.
1229 2914 1325 2980 XLII

147 3024 183 3087 T.
203 3023 422 3101 ,Flamininum
445 3024 486 3088 ad
501 3024 709 3109 repetendum
725 3023 940 3088 Hannibalem
964 3024 1004 3088 ad
1020 3020 1165 3087 Prusiam
1188 3023 1323 3086 missum

147 3153 212 3195 esse
242 3131 380 3209 rettulit,
413 3131 468 3195 alii
499 3133 605 3195 autem
636 3132 804 3216 scriptores
828 3131 926 3213 (Plut.
959 3131 1093 3195 Flamin.
1122 3129 1198 3209 XX,
1231 3130 1323 3215 App.

148 3234 216 3320 Syr.
241 3236 296 3317 XI,
321 3237 390 3302 Liv.
414 3236 563 3302 XXXIX.
588 3237 648 3318 51)
666 3239 821 3341 iniussum
852 3261 922 3302 eum
952 3239 988 3303 in
1011 3238 1167 3323 Bithynia
1190 3237 1323 3302 Hanni-

146 3344 250 3408 balem
273 3345 526 3410 interficiendum
550 3368 674 3412 curasse
697 3345 865 3410 memoriae
888 3345 1103 3431 prodiderunt.

236 3469 323 3534 Haec
355 3469 420 3533 fere
450 3470 550 3555 igitur
580 3493 617 3534 ex
640 3471 783 3535 Antiatis
813 3470 985 3536 annalibus
1013 3491 1155 3534 manasse
1186 3475 1325 3554 possunt

147 3577 249 3662 argui.
295 3576 413 3653 Quibus
435 3580 543 3642 tamen
565 3581 657 3643 caute
682 3582 778 3661 atquc
802 3579 1025 3662 circumspecte
1048 3576 1229 3642 Cornelium
1252 3576 1323 3644 Ne·

147 3687 256 3766 potem
280 3706 372 3749 usum
396 3705 464 3747 esse
487 3684 561 3750 inde
584 3689 727 3769 apparet,
752 3684 835 3769 quod
860 3684 986 3748 666166
1010 3684 1201 3768 fragmentis
1224 3682 1322 3749 aPe·

147 3791 227 3855 16616
251 3791 388 3856 collectis
412 3795 532 3876 septem
550 3790 703 3874 (numeris
722 3794 751 3870 3,
770 3793 797 3872 7,
825 3793 953 3870 1225,
979 3793 1032 3870 40,
1050 3793 1102 3871 45,
1121 3791 1162 3856 56
1179 3791 1322 3876 signata)

147 3900 270 3964 auctori
294 3902 400 3964 nostro
424 3898 641 3965 adversantur.

235 4006 284 4070 Ex
309 4005 432 4070 Claudii
453 4006 654 4092 Quadrigarii
677 4006 767 4072 libris
781 4006 861 4071 haec
873 4007 973 4090 petita
989 4028 1054 4072 6666
1071 4008 1220 4086 arbitror,
1237 4029 1323 4091 quae

147 4113 187 4178 ab
203 4117 331 4179 auctore
347 4114 386 4178 de
401 4115 458 4178 vir.
475 4114 521 4178 ill.
538 4137 562 4178 c.
579 4114 682 4179 XLIX
694 4114 732 4178 de
748 4115 797 4179 die
813 4113 1011 4199 Scipionibus
1027 4115 1113 4179 dicta
1128 4136 1322 4180 commemo-

146 4222 268 4302 rantur,
293 4221 406 4286 deinde
430 4226 528 4306 caput
551 4221 636 4298 LXI,
666 4243 728 4304 quo
757 4221 876 4287 Achaei
910 4216 999 4286 bisa
1031 4223 1162 4287 Metello
1195 4214 1322 4307 proelio

147 4329 209 4394 fusi
233 4350 300 4393 esse
327 4331 499 4395 traduntur
529 4329 599 4414 (cfr.
624 4328 712 4395 Oros.
737 4330 775 4394 V.
802 4331 821 4394 3
845 4332 877 4394 61
900 4329 1002 4395 Peter.
1033 4330 1088 4395 661.
1120 4330 1195 4399 hist.
1224 4330 1320 4396 Rom.
