2954 5136
709 245 926 309 „20„.

319 438 396 504 Cum
424 439 523 524 igitur
539 461 585 519 ea,
601 461 683 523 quae
699 443 732 505 et
755 443 866 504 auctor
888 441 926 505 de
949 440 1008 505 vir.
1032 439 1077 503 ill.
1094 442 1126 504 et
1140 438 1254 503 Florus
1270 438 1308 502 de
1323 438 1410 503 bello

228 545 419 611 Volsiniensi
449 546 550 631 deque
573 546 665 611 rebus
681 569 699 610 a
714 546 823 610 Duilio
846 546 942 632 gestis
964 546 1096 611 tradidit
1120 568 1157 610 ex
1174 545 1264 610 Livio
1280 544 1434 635 fluxisse·

228 656 261 716 et
280 653 354 719 inde
378 654 543 718 verborum
568 653 654 717 illam
679 653 917 718 similitudinem
946 675 1011 718 esse
1040 653 1216 737 profectam
1239 656 1406 735 appareat,

228 781 356 845 prorsus
379 760 492 824 merito
516 760 595 848 alios
618 781 743 845 quoque
766 759 904 824 auctoris
927 760 1027 824 nostri
1049 761 1142 838 locos,
1167 781 1244 843 quos
1265 758 1410 844 Spenge-

227 866 288 930 lius
312 869 345 930 et
366 865 510 951 Heynius
540 863 578 930 ei
602 865 696 932 Floro
720 851 879 951 excerptos
907 887 973 930 esse
1002 866 1177 946 coniciunt,
1211 866 1251 929 ad
1278 865 1410 929 Livium

227 972 345 1037 referre
368 973 447 1037 mihi
468 973 585 1038 videor.

316 1079 451 1168 Praeter*
472 1078 557 1144 hunc
580 1081 687 1143 autem
709 1079 891 1163 scriptorem
915 1080 1015 1144 altero
1039 1079 1199 1144 communi
1227 1079 1332 1156 fonte,
1366 1082 1405 1142 ut

228 1186 499 1270 supradiximus,
530 1184 641 1251 Florus
670 1190 702 1250 et
730 1189 841 1251 auctor
872 1187 909 1252 de
938 1186 997 1252 v'ir.
1029 1187 1075 1251 ill.
1106 1187 1153 1249 usi
1182 1189 1266 1250 sunt.
1314 1185 1409 1261 Quod

227 1293 379 1357 iudicium
400 1293 450 1356 his
473 1293 637 1377 exemplis
654 1292 943 1376 comprobabimus:

257 1423 328 1471 atet.
347 1417 378 1470 a
395 1417 445 1471 aar.
464 1416 503 1470 cu.
521 1420 564 1470 13.
708 1418 790 1472 ror.
808 1417 832 1470 1.
851 1421 875 1470 4.
895 1420 921 1480 s„
1022 1386 1227 1493 ,Vaicanus
1245 1417 1302 1470 ΠΙ.
1320 1420 1350 1470 2.
1369 1422 1399 1471 2.

262 1522 401 1577 Porsenna
409 1521 538 1576 Cloeliam
547 1523 600 1575 vir·
663 1537 717 1576 nna
735 1539 769 1577 ex
787 1523 924 1578 obsidibus
942 1521 1000 1590 regi
1063 1523 1135 1577 inter
1148 1528 1251 1577 ceteras
1268 1523 1340 1576 enim
1354 1522 1408 1575 vir-

228 1613 317 1681 ginem
334 1610 453 1665 nobilem
471 1611 542 1663 inter
555 1609 600 1663 ob·
629 1611 700 1666 datis
736 1613 829 1682 elapso
865 1612 1000 1667 custodiae
1028 1611 1103 1679 gines
1137 1611 1215 1665 obses
1249 1611 1415 1695 Porsennae!

146 1717 149 1723 ·
227 1701 298 1756 sides
315 1700 433 1769 accepit3
461 1715 531 1767 quac
557 1698 599 1752 de·
629 1699 731 1755 Cloelia
748 1715 797 1768 per
815 1702 933 1768 patrium
950 1698 999 1755 flu·
1027 1700 1090 1754 data
1117 1707 1250 1754 nocturno
1280 1700 1413 1768 tempore

226 1789 313 1856 ceptis
340 1789 493 1843 custodibus
519 1793 601 1844 coctu
628 1786 688 1843 men
706 1789 848 1858 equitabat.
1026 1788 1174 1843 custodiam
1187 1802 1294 1856 egressa
1306 1803 1408 1854 equum

186 1896 189 1908 ·
227 1876 600 1947 castriseiuseyreseccqccm,
1018 1878 1182 1933 ¹conscendit
1197 1876 1331 1943 celerique
1350 1883 1408 1930 tra-

226 1981 305 2034 quem
323 1963 379 2018 fors
397 1965 516 2032 dederat,
535 1966 601 2019 arri·
683 1966 685 1969 ’
749 2039 751 2044 1
1025 1967 1097 2019 iectu
1115 1965 1232 2019 fluminis
1244 1979 1298 2017 non
1317 1964 1406 2019 solum

135 2093 137 2100 ·
226 2057 286 2125 puit
305 2060 331 2110 et
344 2054 464 2108 Tiberim
482 2055 599 2109 traiecit.
1024 2053 1172 2121 obsidione,
1183 2054 1322 2109 sedetiam
1329 2060 1408 2108 metu

952 2216 954 2220 λ
1023 2143 1140 2211 patriam
1159 2145 1246 2199 solvit.

314 2252 406 2334 Equo
437 2255 560 2316 vectam
583 2251 733 2316 Cloeliam
756 2252 895 2316 Tiberim
918 2251 1075 2316 traiecisse
1098 2256 1224 2336 praeter
1246 2253 1308 2315 tres
1330 2245 1408 2316 illos

226 2359 397 2442 scriptores
428 2357 619 2429 Plutarchus
642 2359 807 2441 (Publicol.
835 2357 905 2444 19),
939 2363 1037 2424 noctu
1060 2362 1168 2423 autem
1191 2380 1261 2422 eam
1284 2357 1406 2442 fugisse

226 2487 318 2530 nemo
342 2469 468 2549 praeter
491 2468 651 2529 auctorem
673 2468 817 2530 nostrum
841 2470 872 2529 et
889 2465 1052 2530 Valerium
1067 2464 1241 2529 Maximum
1265 2464 1404 2528 rettulit.

226 2572 328 2649 Quare
351 2594 389 2636 ex
412 2572 571 2635 communi
595 2571 685 2635 fonte
702 2571 800 2654 (haud
824 2573 886 2636 scio
911 2595 951 2635 an
975 2595 1013 2636 ex
1029 2570 1157 2636 Valerio
1173 2571 1318 2650 Antiate,
1342 2570 1403 2636 cfr.

227 2678 370 2744 Peterius
394 2679 430 2743 de
458 2678 598 2742 fontibus
621 2678 786 2743 Plutarchi
813 2703 844 2763 p.
870 2679 925 2761 49)
947 2679 1068 2744 Valerii
1096 2678 1227 2775 Maximi
1258 2676 1405 2753 eiFlor‘i

227 2790 259 2850 et
281 2785 416 2850 auctoris
439 2785 477 2849 de
499 2784 557 2852 vir.
580 2785 625 2850 ill.
649 2786 745 2850 verba
767 2787 892 2851 fluxisse
915 2785 1119 2851 manifestum
1142 2789 1198 2850 est.

315 2928 362 2993 De
385 2927 490 2992 Mucio
514 2926 663 2993 Scaevola
684 2929 763 2994 haec
785 2930 973 2994 traduntur:

190 3083 193 3087 ·
256 3058 327 3107 auct.
346 3051 377 3106 de
395 3052 502 3109 cir.,ill.
520 3056 563 3106 12.
725 3054 808 3109 Flor.
826 3053 849 3107 Ι.
868 3057 893 3106 4.
1044 3051 1128 3106 Volet.
1148 3050 1227 3105 Mac.
1246 3050 1301 3104 ΠΙ.
1319 3053 1346 3129 33
1365 3054 1393 3104 1.

262 3158 367 3212 Mucius
398 3158 501 3214 Gordus
520 3190 551 3197 —
572 3160 599 3212 in
661 3158 766 3212 Mucius
775 3159 1000 3228 Scaevolaregem
1064 3159 1214 3210 -castra
1246 3157 1304 3209 eius
1325 3155 1404 3238 'clam

228 3254 318 3301 castra
343 3247 497 3303 Porsennae
528 3248 601 3302 venit
627 3263 675 3314 per
706 3240 819 3303 insidias
846 3249 875 3302 in
904 3250 1000 3303 castris
1026 3228 1098 3283 111111
1117 3230 1220 3281 1111111111
1233 3228 1345 3281 1111111111
1353 3229 1403 3280 1111·
1449 3278 1453 3286 .

226 3336 316 3403 ibique
338 3340 522 3406 purpuratum
547 3352 601 3406 pro
627 3336 711 3404 ipsius
722 3336 885 3406 adgreditur,
895 3338 942 3393 sed
954 3340 1000 3393 nbi
1026 3301 1243 3425 ffissigntffiffis
1257 3299 1403 3427 algtcecidgrle'

226 3425 526 3496 recedcceptcccccidc't.
545 3427 600 3493 Ap·
622 3423 759 3493 frecetrcto
777 3427 849 3481 circo
862 3442 1000 3497 purpura·
1028 3449 1076 3497 est,
1107 3441 1231 3509 Oetenum
1244 3441 1402 3495 memoli.

226 3514 375 3582 prehensus
399 3520 426 3569 et
454 3515 488 3569 ad
511 3529 600 3582 regem
627 3520 683 3568 tcm
710 3516 767 3570 eice
800 3516 854 3570 ictu
885 3520 999 3584 tenetur,
1026 3514 1127 3568 tionem
1163 3513 1202 3581 pii
1236 3514 1338 3579 pariter
1368 3528 1403 3566 ac

228 3610 385 3672 pertractus
405 3603 527 3660 dextram
545 3604 600 3656 aris
628 3603 784 3659 ardentibus
821 3603 887 3658 focis
923 3605 1000 3658 inicit
1026 3583 1403 3652 10111111011011111111111911115

226 3693 352 3761 imposuit
370 3692 422 3746 hoc
441 3692 567 3762 supplicii
584 3709 601 3746 a
627 3710 735 3748 manum
753 3700 937 3761 terroremque
956 3710 999 3762 ge·
1026 3672 1095 3781 {¹3st
1109 3655 1401 3793 {ssussgffientagvgffis

225 3795 273 3835 rea
308 3781 429 3849 exigens,
466 3781 537 3851 quod
570 3782 600 3836 io
626 3783 798 3850 minatd0103
818 3799 860 3849 en,
879 3780 1000 3849 uts'cics,
1027 3798 1402 3864 mperecontemneretfflm

226 3871 304 3926 ccede
318 3876 459 3940 peccasset.
617 3872 721 3940 inquit,
740 3887 819 3939 quem
836 3871 922 3924 virum
935 3870 999 3925 effu·
1026 3869 1156 3937 patientia
1175 3868 1299 3922 ostendit
1317 3869 1401 3922 Pero·

626 3963 698 4029 geris
716 3992 751 4019 —.
1025 3955 1069 3994 sus
1083 3941 1152 3994 enim
1169 3940 1249 3994 credo
1262 3940 1401 3995 dexteram

1025 4027 1111 4077 suam,
1128 4012 1201 4080 quod
1212 4013 1268 4066 eius
1280 4013 1400 4066 ministe-

1022 4085 1064 4138 rio
1090 4085 1121 4137 ic
1153 4085 1231 4138 ccede
1258 4084 1327 4152 reolo
1357 4087 1402 4138 cti

1023 4155 1164 4224 nequisset,
1174 4155 1300 4208 iniectam
1308 4154 1399 4210 foculo

1022 4227 1100 4281 exuri
1118 4242 1215 4295 passus
1234 4233 1283 4280 est.
