2954 5136
692 188 938 268 '-4e-

251 394 290 481 (o.
315 395 434 477 LXIII)
459 401 491 462 εὴ
513 398 554 463 ab
577 398 683 482 Appio
707 397 838 464 Claudio
861 397 960 464 Caeoo
989 419 1105 482 aquam
1127 392 1288 462 Anienem
1319 395 1355 459 in
1379 415 1461 475 ur·,

249 505 321 569 bem
338 487 513 569 inductam
551 505 698 590 viamque
727 526 828 588 usque
858 505 1076 571 Brundusium
1098 504 1257 591 lapidibus
1291 503 1431 566 stratam

251 634 317 677 esse
340 615 378 689 (e.
403 610 556 693 XXXIV)
580 612 732 677 narravit.
769 694 772 701 Ι

220 790 222 797 ,
340 717 475 784 Leviora
507 721 614 784 autern
635 719 692 784 illa
715 719 863 786 ,auctoris
897 718 999 783 nostri
1027 722 1156 802 peecata
1187 717 1361 801 magisque
1392 714 1430 779 ad

250 825 486 911 neglegentiam
509 826 584 905 eius,
609 848 706 909 quam
729 827 768 891 ad
791 826 1018 912 ignorantiam.
1031 824 1212 904 referenda,
1242 824 1270 888 si
1296 822 1343 890 M.
1371 821 1430 886 Ca·

251 937 359 996 tonem
383 930 580 997 Praetorium
607 934 646 997 ad
670 932 845 997 vehendam
871 955 909 998 ex
931 933 1107 998 Ptolemaei
1128 931 1308 996 hereditate
1333 950 1429 1014 pecu-

251 1040 338 1103 niam
362 1040 396 1103 in
421 1038 560 1125 Cyprum
582 1041 709 1103 missum
734 1061 799 1104 esse
822 1039 920 1105 refert
949 1041 988 1123 (a.
1016 1037 1148 1122 LXXX)
1181 1041 1214 1101 εὴ
1241 1036 1430 1115 Ciceronem

249 1150 423 1228 praetorem
446 1145 587 1211 Ciliciam
611 1147 758 1211 sortitum
781 1168 844 1210 esse
869 1146 908 1230 (e.
934 1145 1081 1230 LXXXI)
1103 1148 1135 1210 et
1150 1144 1320 1210 Metellum
1336 1143 1430 1207 Pium
1453 1208 1456 1213 ,

250 1254 403 1319 carnalem
418 1252 601 1317 Herculeios
625 1255 660 1317 in
676 1253 834 1338 Hispania
850 1253 1024 1318 debellasse
1041 1251 1173 1336 (LXHI)
1191 1254 1222 1316 et
1238 1249 1431 1336 Virginium

249 1362 336 1426 'filiae
359 1383 473 1444 eorpus
496 1360 628 1424 humero
651 1367 816 1446 gerentem
839 1360 879 1424 ad
907 1361 1080 1427 exereitum
1109 1359 1289 1444 profugisse
1325 1355 1430 1440 (XXI)

16 1476 19 1484 '
70 1512 72 1523 .
146 1460 153 1475 “
252 1473 284 1532 εὴ
308 1467 341 1532 C.
366 1467 540 1532 Hostilium
557 1466 741 1534 Mancinum
758 1473 937 1549 praetorem
952 1467 1101 1532 adversus
1116 1465 1339 1531 Numantinos
1356 1485 1432 1549 pro·

252 1575 370 1639 festum
384 1574 556 1657 esse(LIX)
573 1613 607 1620 —
620 1573 709 1640 auius
721 1575 844 1659 generis
856 1575 997 1659 exempla
1009 1577 1123 1655 cuneta
1132 1575 1282 1659 suffigere
1293 1572 1433 1657 longum

253 1685 308 1749 est.
355 1682 429 1747 Jam
451 1682 537 1747 enim
561 1683 692 1761 affatim,
717 1704 812 1765 quam
837 1683 973 1747 mendax
990 1681 1129 1747 auctoris
1145 1682 1183 1746 de
1205 1681 1264 1769 ¹vir.
1279 1679 1330 1743 ill.
1349 1677 1433 1743 liber

246 1786 349 1874 ‘atque
372 1789 504 1853 vitiosus
527 1794 627 1853 exstet
650 1793 832 1874 quantaque
860 1788 1107 1874 epitomatorem
1131 1787 1269 1853 Cornelii
1291 1785 1433 1871 Nepotis

253 1895 350 1959 fuerit
372 1895 484 1960 levitas
507 1899 602 1978 atque
625 1895 786 1973 socordia,
818 1917 885 1960 esse
908 1895 1148 1980 comprobatum
1171 1894 1313 1971 videtur,
1341 1890 1434 1957 euius
1469 1888 1471 1899 '

253 2001 389 2086 vestigia
412 2023 477 2067 non
498 2002 603 2065 minus
627 2023 773 2085 expressa
797 2002 886 2066 etin
909 2000 1050 2086 Ampelii
1073 2001 1181 2065 libello
1205 2002 1238 2064 et
1260 2000 1293 2063 in
1326 1999 1433 2064 exeel·

253 2108 387 2172 lentium
410 2108 525 2172 dueum
548 2111 726 2172 exterarum
748 2089 893 2192 gentium
915 2107 990 2171 vitis
1013 2111 1240 2193 agnoscuntur.
1345 2176 1348 2181 ,
1411 2155 1414 2161 .
