2954 5136
708 187 748 216 ·-
797 172 843 234 ,16
893 207 929 218 —-

231 360 322 416 dabat.
364 361 422 417 Hoc
454 361 583 427 nobilitas
616 363 657 417 ita
685 363 797 431 accepit,
832 369 946 432 tangens
964 362 1129 428 hortaretur,
1147 363 1274 433 praebuit
1288 361 1412 429 speciem

106 416 110 427 ἱ
144 446 151 457 ’
233 450 310 518 quasi
328 449 452 506 diadema
470 457 602 520 posceret.
805 460 811 469 ’
833 468 944 520 regnum
963 453 1015 506 sibi
1033 459 1062 506 et
1080 451 1205 522 diadema
1222 451 1374 520 poscentis.

363 563 433 613 auct.
452 558 484 613 dc
501 559 550 612 cir.
567 558 605 612 ill.
625 561 668 612 73,
807 606 810 610 ,
1032 558 1111 615 Flor.
1129 560 1168 614 ΙΙ.
1185 560 1210 614 4.

268 675 300 684 -
319 653 350 699 ut
364 642 524 702 'satellitem
551 663 628 702 suum
657 647 798 702 Glauciam
868 677 903 684 -
921 652 952 699 ut
969 647 1118 701 satellitem
1137 648 1237 701 furoris
1260 647 1304 703 sui
1324 645 1411 700 Glau-

230 740 383 804 praetorem
393 735 530 790 consulem
537 735 798 791 faceretMemmium
834 735 902 789 ciam
922 737 1058 790 consulem
1076 735 1188 801 faceret,
1207 737 1236 790 P.
1249 735 1411 790 Memmium

231 823 437 890 competitorem
460 826 518 878 eius
535 825 564 878 in
582 841 678 894 campo
696 826 798 879 Martio
834 824 1039 890 competitorem
1066 824 1181 879 interfici
1211 825 1291 878 iussit
1318 854 1353 862 -
1373 853 1411 862 -

215 912 379 967 'necandum
400 915 513 969 curavit.
541 915 646 968 Marius
658 945 691 953 --
707 917 796 971 Satur·
833 912 928 980 pulsus
947 906 1009 969 inde
1029 914 1193 982 Capitolium
1217 914 1333 981 invasit3
1359 913 1410 968 sed

230 1001 322 1054 ninum
353 1009 381 1057 et
412 1002 551 1079 Glauciam
580 1005 607 1057 in
637 1004 797 1074 Capitolium
833 1016 893 1065 cum
913 1003 1035 1081 abruptis
1054 1001 1153 1057 fistulis
1167 998 1341 1075 obsideretur
1354 1007 1412 1061 etc..

231 1098 388 1157 persecutus
408 1092 513 1146 obsedit
530 1095 700 1162 maximoque
719 1102 798 1148 aestu
1302 1081 1305 1085 ’

230 1179 322 1232 incisis
340 1178 436 1234 fistulis
454 1183 483 1235 in
501 1181 661 1238 deditionem
684 1184 797 1251 accepit.

361 1293 431 1342 auct.
449 1289 482 1344 dc
498 1291 549 1344 oir.
567 1291 605 1344 ill.
623 1295 666 1345 84.
1017 1288 1097 1341 Flor.
1115 1288 1157 1342 Π.
1176 1291 1218 1340 18.
1233 1316 1236 1324 ·

267 1404 301 1412 --
327 1392 386 1429 cum
419 1378 487 1430 mari
517 1377 634 1434 feliciter
665 1384 796 1447 uteretur,
868 1377 901 1430 ob
920 1377 989 1431 haec
1008 1381 1048 1430 tot
1071 1391 1203 1443 prospera
1228 1376 1338 1430 centum
1357 1377 1408 1430 bo·

230 1461 349 1531 Neptuni
358 1474 386 1520 se
395 1464 480 1520 filium
491 1467 625 1522 confessos
635 1459 676 1523 est
684 1483 796 1535 eumque
832 1467 881 1520 bus
910 1466 1013 1520 auratis
1043 1464 1141 1519 Peloro
1176 1464 1266 1519 litavit
1298 1466 1409 1533 spiran-

229 1553 318 1607 bobus
336 1555 441 1608 auratis
460 1561 488 1610 et
506 1571 574 1624 equo
593 1556 719 1625 placavit.
831 1560 939 1622 temque
957 1569 1055 1621 equum
1080 1569 1139 1606 cum
1159 1568 1226 1606 auro
1252 1553 1280 1606 in
1303 1545 1409 1607 fretum

832 1644 918 1710 mieit3
943 1643 1013 1697 dona
1032 1643 1156 1709 Neptuno
1180 1642 1231 1696 hoc
1258 1643 1408 1710 putabant,
1459 1632 1462 1636 ’

832 1738 864 1786 ut
882 1739 937 1786 etc·
1017 1795 1021 1805 ,
1280 1746 1283 1755 ·

358 1827 428 1877 auct.
447 1823 479 1877 dc
496 1824 546 1878 nir.
564 1823 601 1878 aa
620 1827 663 1879 85.
1017 1822 1100 1876 Flor.
1118 1822 1158 1875 II.
1177 1824 1220 1875 20.
1245 1840 1255 1865 ν

266 1939 299 1947 -
318 1910 364 1963 vix
381 1912 490 1964 tertiam
513 1918 616 1979 partem
639 1913 672 1967 de
690 1913 741 1967 XV
759 1914 796 1970 le·
868 1910 907 1963 sic
924 1909 970 1962 vix
988 1909 1072 1964 tertia
1089 1915 1167 1977 parte
1187 1909 1219 1963 dc
1238 1909 1303 1962 XVI
1321 1909 1407 1978 legio·

220 1998 353 2067 ‘gionibus
371 2001 400 2052 in
418 2003 573 2071 Aegyptum
589 2002 725 2070 'perduxit
832 1999 909 2053 nibus
927 1999 1032 2065 reliqua
1045 2028 1079 2036 -
1384 2009 1389 2016 '

221 2179 226 2185 1
361 2113 432 2161 auct·
451 2107 482 2162 dc
499 2110 548 2163 cir.
566 2109 604 2162 tlt.
623 2112 666 2164 48.
991 2105 1073 2159 For.
1093 2104 1116 2157 Ι.
1134 2106 1181 2157 22.
1198 2105 1241 2157 50.

266 2199 407 2264 actumque
455 2195 487 2251 de
520 2197 642 2252 Romano
684 2199 797 2266 imperio
869 2201 958 2247 actum
978 2199 1039 2247 erat
1051 2191 1146 2261 procul
1159 2191 1241 2255 dubio
1261 2193 1284 2247 si
1302 2193 1344 2247 vir
1357 2193 1406 2248 ille

229 2288 303 2348 erat,
330 2283 354 2337 si
383 2284 493 2352 iungere
523 2301 553 2340 se
577 2286 727 2342 Hannibali
751 2304 797 2355 po·
833 2299 862 2338 sc
883 2300 942 2338 cum
961 2281 1046 2336 fratre
1064 2282 1220 2335 iunxisset..

210 2372 336 2426 -tuisset¹

357 2467 428 2517 coca.
448 2462 479 2517 de
496 2464 546 2518 air.
564 2464 604 2519 ill.
623 2467 667 2518 55.
1025 2462 1107 2515 Flor.
1126 2460 1214 2514 Lar.

266 2550 313 2603 Cn.
340 2551 460 2605 Manlius
491 2552 576 2607 Vulso
606 2583 642 2592 -
673 2553 796 2621 cupidine
866 2547 970 2603 tuerint
988 2549 1060 2602 inter
1073 2548 1175 2601 auxilia
1188 2547 1260 2616 regis
1273 2549 1406 2604 Antiochi

229 2638 357 2707 triumphi
376 2640 477 2694 bellum
489 2641 797 2712 PisidisetGallograe-
833 2653 869 2692 an
887 2636 971 2692 fuisse
995 2636 1107 2704 cupidus
1132 2636 1260 2704 triumphi
1283 2637 1407 2693 Manlius
1449 2633 1451 2637 ’

230 2728 276 2795 cis,
297 2728 343 2796 qui
362 2729 498 2783 Antiocho
517 2728 668 2785 adfuerant.
832 2727 917 2781 Vulso
931 2726 1104 2794 simulaverit,
1125 2724 1243 2779 dubium.

359 2841 430 2892 acet.
450 2837 482 2891 dc
499 2839 549 2893 air.
568 2840 607 2893 ill.
626 2842 667 2893 71.
1021 2834 1104 2888 Fror.
1123 2833 1147 2886 I.
1167 2836 1210 2887 33.
1425 2892 1429 2897 .

266 2954 299 2962 -
319 2927 354 2980 ob
378 2931 568 2992 paupertatem
589 2928 674 2994 primo
698 2943 796 2982 merce·
873 2955 903 2962 -
912 2924 958 2990 qui
971 2938 1005 2976 ex
1017 2916 1146 2976 venatore
1157 2920 1239 2996 latro,
1248 2935 1283 2974 ex
1294 2919 1402 2975 latrone

229 3013 337 3081 nariue,
369 3014 464 3068 deinde
502 3015 645 3071 alacritate
677 3023 797 3086 venator,
833 3014 921 3069 subito
941 3012 995 3066 dux
1014 3018 1095 3078 atque
1114 3010 1259 3084 imperator
1279 3040 1309 3048 —

230 3102 343 3156 audacia
361 3103 442 3172 latro,
461 3104 497 3157 ad
515 3111 678 3172 postremum
695 3105 750 3160 dux
764 3138 795 3145 -
1187 3106 1189 3111 ⁴

359 3217 430 3266 caet.
449 3211 480 3266 dc
498 3213 547 3266 cir.
566 3213 604 3266 ill.
625 3217 668 3266 76.
1022 3206 1103 3262 Flor.
1122 3208 1147 3261 1.
1166 3210 1209 3260 40.

264 3298 448 3368 Mithridates,
467 3316 515 3354 rex
527 3302 617 3369 Ponti,
636 3301 762 3356 oriundus
780 3317 796 3354 a
867 3299 1027 3362 Artabazes,
1047 3312 1064 3350 a
1082 3301 1183 3363 septem
1201 3295 1292 3349 Persis
1311 3295 1402 3347 oriun-

229 3395 330 3456 septem
349 3390 438 3444 Persis
457 3419 491 3428 —
699 3441 701 3445 .
812 3344 890 3456 ¹slus,
909 3387 971 3442 inde
989 3385 1171 3440 Mithridates.
1239 3422 1240 3426 ,

358 3503 427 3551 aar.
446 3497 479 3551 aa
497 3497 545 3551 ar.
563 3497 603 3550 aa
622 3500 666 3551 ro.
702 3460 704 3464 ’
1016 3494 1097 3549 For.
1116 3493 1156 3547 m
1174 3495 1217 3544 34.

264 3585 379 3640 dictator
406 3587 434 3639 in
460 3593 620 3654 perpetuum
647 3586 751 3655 sactus,
779 3605 795 3643 a
868 3585 902 3639 ob
920 3584 988 3638 haec
1006 3578 1138 3644 tot'facta
1149 3579 1271 3648 ingentia
1283 3578 1401 3633 dictator

227 3679 322 3730 senatu
341 3676 375 3729 ob
394 3690 438 3730 res
457 3683 546 3744 gestas
559 3676 795 3746 DivusAugustue
832 3678 979 3743 perpetuus
998 3677 1026 3727 et
1044 3677 1123 3739 pater
1141 3669 1248 3738 patriae
1266 3673 1316 3722 etc.

229 3770 271 3818 est
290 3765 450 3832 appellatus.

229 3909 344 3994 quibus
367 3910 445 3974 haec
469 3912 613 3996 exempla
636 3910 822 3975 addiderim:

366 4074 436 4124 cccl.
456 4070 488 4123 dc
506 4070 554 4124 oa‘r.
572 4070 610 4124 aa.
629 4074 656 4124 2.
847 4034 850 4040 ι
998 4065 1080 4119 Flor.
1096 4063 1122 4116 I.
1142 4061 1165 4114 l.
1183 4065 1228 4114 14.

263 4157 393 4212 Romulus
410 4156 504 4212 foedus
524 4157 656 4227 percussit
675 4152 793 4212 et'Sabi·
866 4155 904 4210 sic
922 4170 977 4222 pax
996 4153 1070 4207 lacta
1084 4168 1143 4205 cnm
1155 4150 1237 4204 Tatio
1250 4147 1399 4214 foedusque

228 4263 275 4301 uos
294 4247 321 4300 in
340 4248 433 4302 urbem
450 4247 561 4314 recepit.
829 4259 992 4312 percussum.
1092 4306 1100 4324 x
