2954 5136
680 125 910 227 -36-Ι

206 317 326 402 positos
349 339 387 381 ex
411 315 545 400 Nepotis
574 318 739 401 operibus,
776 341 856 401 quae
878 321 945 382 tam
976 315 1102 380 facilem
1134 315 1162 379 ei
1193 311 1389 398 excerpendi

207 425 400 489 occasionem
432 424 642 508 praeberent,
667 425 823 490 nonnulla
845 424 979 493 retentis
1003 423 1101 487 etiam
1136 421 1239 485 verbis
1274 424 1388 484 trans-

206 531 326 597 tulisse.
356 569 389 576 -
411 531 489 595 Cum
509 539 626 610 autem,
652 535 695 615 ut,
705 536 817 596 nostra
830 535 1019 617 argumenta
1028 530 1166 594 breviter
1181 527 1386 613 perstringa-

207 659 287 715 mus,
313 637 451 722 Ampelii
474 620 558 701 vitae
581 638 808 722 imperatorum
824 638 1042 703 Romanorum
1066 636 1197 700 eandem
1222 635 1386 721 originem

206 744 352 829 prodant,
367 766 462 826 quam
474 747 652 808 exterarum
666 746 809 830 gentium
826 745 941 808 ducum
960 745 1053 820 vitae,
1075 764 1147 807 cum
1155 743 1267 807 deiude
1279 761 1386 804 unum

203 851 282 914 illud
306 853 538 934 argumentum,
568 871 630 934 quo
662 852 754 915 nixus
777 851 995 914 Woelfflinius
1019 848 1178 933 Nepotem
1200 867 1387 932 repugnare

207 957 330 1022 auctori
353 960 462 1022 nostro
479 957 683 1040 comprobare
698 957 830 1036 studuit,
848 980 965 1021 vanum
983 979 1047 1021 esse
1063 959 1224 1041 appareat,
1242 954 1385 1037 denique

206 1063 240 1126 in
264 1064 402 1128 auctoris
425 1063 464 1126 de
489 1052 546 1127 vir.
572 1063 616 1130 ill.
641 1064 722 1128 libro
751 1065 852 1128 multa
879 1063 1014 1148 Nepotis
1043 1069 1129 1127 certa
1161 1062 1296 1145 vestigia
1327 1059 1385 1123 de-

207 1170 456 1253 prehendantur,
481 1192 551 1234 oum
576 1175 773 1254 postremum
797 1173 829 1234 in
854 1170 1068 1254 compluribus
1096 1169 1253 1233 codicibus
1280 1189 1384 1231 manu

205 1278 331 1362 scriptis
354 1278 518 1344 Cornelius
541 1276 647 1362 Nepos
671 1279 736 1362 ipse
760 1283 871 1343 auctor
895 1279 960 1343 eius
983 1279 1058 1342 libri
1080 1274 1273 1361 appelletur,
1303 1295 1384 1358 pro-

206 1384 291 1448 fecto
314 1385 393 1449 mihi
418 1384 561 1469 quaestio
585 1385 622 1448 de
646 1384 796 1468 primario
824 1384 928 1461 fonte,
958 1407 996 1448 ex
1019 1405 1082 1467 quo
1108 1387 1220 1447 auctor
1251 1383 1290 1446 de
1320 1381 1382 1447 vir.

205 1492 258 1555 ill.'
275 1513 331 1555 sua
355 1492 505 1571 hauserit,
531 1492 626 1575 plane
649 1492 753 1555 soluta
781 1513 846 1556 esse
869 1491 995 1556 videtur
1017 1513 1118 1574 neque
1142 1492 1175 1554 in
1203 1489 1298 1554 dubio
1330 1511 1384 1553 re·

205 1598 316 1682 linqui,
343 1600 418 1681 quin
443 1597 600 1682 Nepotem
623 1598 828 1682 praecipuum
851 1597 961 1662 ducem
985 1597 1142 1661 habuerit.
1189 1596 1302 1680 Itaque
1319 1596 1385 1660 hoc

206 1726 306 1767 unum
327 1709 483 1787 superest,
509 1708 544 1768 ut
568 1727 648 1788 quae
671 1704 727 1769 alii
749 1706 917 1789 scriptores
942 1726 1011 1768 cum
1041 1709 1169 1768 auctore
1200 1707 1310 1768 nostro
1342 1724 1384 1765 ex

205 1809 339 1894 Nepotis
363 1810 451 1876 libris
475 1812 715 1896 desumpserint,
740 1813 940 1897 colligamus,
969 1834 1065 1895 quam
1093 1833 1160 1875 rem
1176 1794 1292 1896 'paucis
1322 1809 1384 1872 ab·

206 1902 326 1982 solvere
350 1919 428 1982 mihi
453 1919 554 1983 liceat.

640 2571 829 2674 uneur
855 2595 945 2675 un.

293 2802 434 2886 Primum
458 2803 580 2868 Floras
610 2826 668 2888 per
697 2807 803 2868 totum
829 2826 931 2890 'suum
961 2804 1076 2869 librum
1102 2802 1227 2888 Nepote
1259 2807 1383 2889 passim

205 2931 277 2972 usus
301 2914 356 2988 est,
382 2933 449 2974 uum
476 2910 629 2993 plurimos
652 2911 737 2974 locos
761 2912 827 2975 eius
851 2911 890 2974 ad
922 2911 1052 2976 verbum
1085 2933 1156 2975 cum
1188 2916 1316 2977 auctore
1340 2914 1381 2978 de

206 3015 261 3079 vir.
287 3016 331 3079 ill.
358 3037 528 3080 consonare
552 3017 810 3101 cognoverimus3
834 3021 1027 3100 quapropter
1050 3017 1134 3095 illos,
1168 3019 1284 3100 quide
1308 3018 1381 3085 ion·

168 3157 173 3166 ·
204 3121 289 3185 tibus
300 3121 326 3184 F
328 3122 387 3185 lori
410 3123 612 3205 quaestiones
633 3123 799 3188 instituere
822 3124 855 3187 iu
880 3123 1021 3187 animum
1045 3125 1240 3204 induxerint,
1265 3126 1379 3210 impri-

204 3228 264 3315 mis
289 3229 426 3293 auctoris
450 3230 491 3294 de'
511 3230 567 3295 vir.
590 3229 635 3294 ill.
660 3233 692 3294 et
707 3229 846 3313 Ampelii
862 3229 960 3293 libros
973 3230 1212 3315 diligentissime
1229 3231 1380 3297 adbibere

206 3316 342 3418 oportet.

292 3441 413 3506 Deinde
441 3442 586 3508 Valerius
611 3444 786 3524 Maximus,
810 3447 848 3508 ut
872 3432 1036 3528 Kempfius
1060 3442 1209 3526 (praefat.
1239 3446 1278 3509 ad
1305 3445 1376 3510 Val.

204 3546 287 3614 Max.
313 3571 344 3632 p.
371 3550 424 3633 18)
448 3551 561 3614 merito
585 3550 727 3628 coniecit,
753 3574 790 3615 ex
813 3549 949 3634 Nepotis
973 3549 1062 3612 libris
1085 3552 1187 3615 multa
1210 3553 1376 3636 excerpsit.

206 3656 251 3719 Ac
281 3656 409 3739 quidem
439 3660 548 3740 aperte
578 3658 656 3722 haec
687 3659 831 3741 exempla
860 3680 897 3722 ex
927 3679 964 3721 eo
995 3657 1169 3722 fluxerunt:
1201 3648 1260 3723 III.
1295 3662 1325 3738 2,
1359 3663 1373 3722 l

84 3837 87 3842 ¹
134 3787 137 3794 ·
204 3761 356 3844 (hostium
380 3748 504 3848 agnien,
527 3763 628 3828 donec
651 3769 725 3848 post
748 3769 875 3849 tergum
898 3787 990 3829 suum
1024 3787 1102 3850 pons
1126 3764 1375 3849 abrumperetur,

203 3869 397 3954 infatigabili
420 3894 528 3957 pugna
552 3871 718 3948 sustinuit,
743 3874 799 3953 cfr,
816 3877 895 3937 auct.
916 3874 946 3937 d.
964 3895 991 3936 o.
1009 3874 1032 3936 i.
1048 3879 1097 3951 11,
1123 3873 1221 3937 aciem
1236 3874 1376 3937 hostium

203 3977 285 4040 solus
308 3976 470 4056 sustinuit,
495 3979 594 4043 donec
617 4000 697 4062 pons
720 4001 739 4042 a
762 3984 854 4063 tergo
877 3980 1194 4064 interrumperetur);
1219 3979 1277 4044 HI.
1300 3983 1330 4060 2,
1355 3984 1374 4044 2

203 4083 272 4166 (cfr.
298 4106 323 4149 c.
347 4083 378 4148 V
400 4084 495 4148 huius
526 4085 656 4168 libelli);
687 4084 745 4148 ΙΙΙ.
770 4086 800 4164 2,
826 4087 846 4149 3
873 4122 910 4131 -—
936 4085 994 4178 ΙΙΙ.
1020 4087 1049 4165 2,
1076 4087 1093 4150 7
1127 4085 1222 4168 (auct.
1247 4088 1275 4150 d.
1300 4111 1329 4152 v.
1355 4089 1375 4152 i.

203 4193 244 4255 25
268 4194 300 4255 et
324 4189 397 4256 Val.
413 4190 472 4258 ΠΙ.
497 4191 528 4270 2,
552 4192 573 4254 4
598 4191 727 4256 Cossum
744 4191 924 4257 Cornelium
941 4194 1129 4276 ccupistram
1145 4196 1283 4275 equitum
1300 4217 1374 4279 spo-
