2948 5182
212 1087 349 1197 Omnes
372 1131 438 1195 fere
460 1131 521 1194 viri
535 1130 619 1195 docti
634 1121 750 1196 librum
766 1132 802 1195 de
817 1131 894 1196 viris
909 1130 1084 1196 illustribus
1099 1132 1184 1197 urbis
1199 1131 1320 1195 Romae

108 1292 114 1305 ,
147 1234 189 1298 ad
212 1239 339 1320 tempus
362 1238 456 1322 plane
480 1239 696 1323 neglexerunt,
721 1261 823 1322 neque
839 1228 1007 1322 quisquam
1030 1239 1064 1302 in
1083 1238 1265 1322 quaestione
1281 1236 1319 1300 de

146 1342 234 1407 illius
258 1344 447 1409 auctoritate
470 1345 665 1409 instituenda
688 1369 728 1411 ne
750 1347 911 1411 tantillam
927 1346 1055 1429 quidem
1071 1367 1197 1429 operam
1222 1344 1319 1408 collo-

146 1471 219 1515 care
242 1450 473 1536 dignatusest.
524 1451 610 1528 Quae
637 1475 686 1517 res
718 1454 883 1517 minimam
908 1453 1149 1518 admirationem
1177 1453 1317 1524 haberet,

145 1557 174 1620 si
199 1556 314 1621 librum
337 1558 429 1622 illum
452 1562 507 1622 aut
529 1580 656 1642 prorsus
671 1557 783 1624 'rerum
810 1561 937 1644 inopem
966 1565 1022 1624 aut
1045 1582 1083 1624 cx
1105 1539 1318 1644 scriptoribus

146 1684 284 1748 quornm
307 1664 380 1729 libri
403 1665 497 1729 hodie
514 1668 649 1744 exstant,
666 1687 738 1730 ‘esse
754 1667 964 1754 compositum
979 1671 1166 1751 appareret43
1189 1664 1243 1731 sed
1259 1665 1319 1728 hac

145 1771 217 1855 ipsa
239 1793 284 1850 re,
307 1771 391 1856 quod
415 1794 489 1856 pars
514 1762 607 1858 long'e
623 1773 726 1837 maior
740 1773 824 1838 illius
840 1775 917 1839 libri.
929 1796 1129 1858 nequaquam
1146 1796 1184 1838 ex
1198 1776 1319 1837 cetero·
1432 1802 1435 1808 ·

144 1899 218 1942 rum
239 1879 430 1962 scriptorum
460 1880 648 1944 auctoritate
679 1881 795 1964 pendet
824 1885 855 1945 ct
885 1903 1076 1964 unaquaque
1106 1880 1171 1944 fere
1202 1879 1319 1965 pagina

145 1985 228 2050 aliae
252 2007 301 2050 res
323 1986 444 2051 diverse
467 2009 485 2050 a
508 1987 620 2052 ceteris
647 1987 851 2071 scriptoribus
883 1988 1038 2066 traditae,
1073 1989 1153 2051 aliae
1184 1987 1224 2051 ab
1256 1998 1342 2048 uno¹

146 2098 277 2159 anctore
299 2094 337 2159 de
359 2093 416 2157 vir.
441 2093 484 2158 ill.
508 2095 623 2158 relatae
645 2094 805 2179 leguntur,
822 2088 1007 2178 praesertim
1031 2094 1113 2177 quod
1137 2095 1173 2158 in
1197 2092 1320 2175 aliquot

145 2222 287 2274 summae
331 2200 501 2286 gravitatis
544 2202 779 2285 quaestionibus
817 2201 977 2266 historicis
1019 2201 1227 2265 diiudicandis
1264 2198 1318 2263 ille

145 2307 320 2371 maximum
342 2311 538 2400 momentum
553 2308 659 2386 habet,
685 2309 826 2392 profecto
842 2309 999 2373 immerita
1015 2308 1173 2373 oblivione
1189 2308 1319 2372 obrutus

147 2435 213 2478 esse
235 2400 463 2479 mihi'videtur.
509 2415 612 2490 Quare
636 2416 781 2498 equidem
804 2416 851 2479 illi
866 2417 947 2480 libro
963 2437 1020 2498 pro
1038 2415 1127 2478 tenni
1142 2436 1212 2477 mea
1227 2417 1318 2497 parte

145 2520 334 2586 illustrando
359 2521 433 2586 dare
457 2544 586 2606 operam
608 2523 642 2586 in
666 2522 807 2586 animum
828 2507 941 2587 induxi
957 2522 1190 2605 aliquantulum
1206 2521 1252 2584 ita
1267 2543 1317 2585 me

148 2627 188 2692 de
200 2628 337 2692 historia
348 2629 535 2694 meriturum
550 2629 693 2695 confisus.
728 2628 834 2712 Atque
850 2631 988 2713 primurn
1004 2630 1142 2693 virorum
1155 2629 1318 2694 doctorum

145 2735 401 2818 coniecturasde
424 2737 564 2800 fontibus
587 2736 723 2802 auctoris
746 2737 784 2800 de
808 2738 863 2800 vir.
888 2737 934 2804 ill.
960 2737 1061 2825 factas
1085 2737 1200 2821 collegi
1222 2739 1318 2820 atque

146 2843 335 2922 examinavi,
361 2843 471 2908 deinde
487 2867 589 2909 meam
605 2844 799 2908 sententiam
814 2845 1009 2930 argumentis
1024 2845 1184 2908 firmatam
1200 2844 1317 2928 aperui,

144 2953 339 3035 postremum
362 2951 438 3034 quid
461 2950 499 3014 de
521 2951 711 3015 auctoritate
735 2954 830 3034 atque
853 2951 914 3016 fide
942 2951 1091 3016 historica
1119 2950 1184 3014 eius
1214 2954 1317 3015 statu-

102 3112 107 3119 .
145 3057 262 3121 endum
285 3062 375 3136 essct,
400 3058 538 3141 exposui.
585 3056 697 3141 Neque
719 3062 827 3122 tamen
850 3057 909 3121 hoc
932 3057 1038 3123 libello
1057 3057 1256 3140 quaestiones
1279 3058 1317 3122 de

144 3168 275 3230 auctore
298 3165 336 3229 de
359 3165 416 3229 vir.
440 3163 484 3229 ill.
507 3164 667 3257 absolutas¹
699 3170 795 3248 atque
820 3145 998 3229 transactas
1027 3187 1092 3230 esse
1121 3186 1228 3248 spem,
1262 3164 1316 3229 scd

127 3271 224 3336 -satis
256 3272 368 3352 habe0‚
392 3295 486 3357 quem
509 3273 549 3336 ad
571 3272 667 3337 finem
690 3272 874 3357 dirigendae
896 3271 970 3336 illae
993 3275 1107 3350 essent,
1132 3271 1313 3336 ostendisse.
