2954 5136
675 215 963 278 --11-Ι

20 442 33 501 ¹.
68 429 97 467 ¹.
199 407 294 472 verba
328 408 384 472 »in
416 408 596 475 contionem
626 409 798 494 processit«
831 432 849 474 a
878 408 971 475 Livio
998 406 1036 493 (Ι.
1064 409 1102 473 16
1125 408 1160 472 in
1191 407 1375 473 contionem

197 506 317 598 prodit)
341 515 497 581 translata
519 519 606 595 sunt,
642 517 675 580 in
701 514 779 581 colle
803 515 957 592 Quirinali
988 516 1161 582 Romulum
1191 537 1210 578 a
1237 514 1373 578 Proculo

20 634 22 639 ’
61 650 64 655 ·
197 620 298 685 visum
312 642 388 686 'esse
410 645 447 687 ex
471 624 565 689 tertio
588 624 734 706 quodam,
760 623 940 708 augustiore
964 623 1066 687 forma
1089 646 1159 687 eum
1178 622 1279 686 visum
1303 642 1372 685 esse

197 749 235 791 ex
259 726 354 793 Floro
378 729 415 812 (1.
444 733 471 809 l,
499 730 538 794 18
562 730 746 815 augustiore
769 730 886 809 forma,
917 750 1014 814 quam
1043 729 1184 812 luisset),
1213 729 1372 811 templum

196 834 244 899 illi
266 834 301 898 in
323 835 403 901 colle
426 836 582 912 Quirinali
604 837 814 902 constitutum
839 858 904 900 esse
927 860 965 901 ex
988 837 1086 901 tertio
1110 836 1246 920 quodam
1270 835 1372 918 scrip·

72 936 111 962 '⁵
196 946 265 1007 tore
288 946 364 1007 sunt
379 942 503 1010 hausta.
551 941 635 1007 Satis
658 943 759 1008 habeo
775 943 915 1008 bocuno
932 945 1074 1027 exemplo
1091 943 1272 1020 ostendisse,
1290 963 1371 1025 quas
1457 958 1462 965 ·

58 1078 65 1103 ··
107 1107 111 1117 ,
195 1050 230 1113 in
261 1050 397 1132 ineptias
425 1050 481 1114 illo
517 1049 634 1115 iudicio
664 1050 868 1130 inducamur,
902 1072 963 1133 quo
987 1049 1175 1114 Koehlerius
1206 1052 1370 1112 auctorem

195 1160 340 1221 nostrum
372 1157 453 1221 vitas
485 1179 550 1220 non
580 1161 647 1221 tam
680 1156 851 1241 scripsisse,
883 1179 979 1240 quam
1011 1157 1242 1222 consarcinasse
1272 1157 1369 1237 atque

110 1304 113 1311 ·
195 1263 428 1348 conglutinasse
451 1264 574 1328 statuit

270 1388 531 1478 Δ1111111111611111
555 1389 671 1454 reiecta
699 1410 757 1452 nos
786 1393 948 1453 auctorem
971 1389 1010 1453 de
1032 1389 1091 1455 vir.
1115 1388 1159 1452 ill.
1190 1387 1367 1451 iudicamus

194 1516 260 1559 non
284 1517 322 1559 ex
345 1494 541 1578 complumm
564 1495 755 1580 scriptorum
778 1496 855 1561 locis
879 1496 1004 1581 singula
1022 1496 1128 1580 capita
1144 1493 1366 1578 composuisse,

194 1600 257 1679 sed,
275 1605 419 1684 utsupra
435 1600 579 1680 diximus,
604 1603 699 1688 longe
715 1603 872 1672 maiorem
891 1603 990 1668 libelli
1013 1602 1061 1667 sui
1085 1605 1207 1687 partem
1232 1623 1269 1665 ex
1284 1602 1368 1665 libro

194 1707 233 1772 de
255 1708 331 1775 viris
349 1708 525 1773 illustribus
548 1709 723 1793 composito
736 1710 934 1794 excerpsisse,
951 1711 1120 1774 nonnullas
1136 1713 1240 1773 autem
1254 1730 1367 1772 narra-

45 1854 76 1919 s
193 1814 353 1880 tiunculas
378 1796 445 1893 (cfr.
469 1837 495 1881 c.
520 1818 572 1896 22,
598 1816 655 1895 46,
682 1818 738 1894 36,
764 1817 819 1900 86)
854 1821 886 1882 61
917 1839 1088 1900 paucorum
1112 1817 1252 1880 virorum
1275 1816 1368 1892 vitas,
1434 1821 1444 1880 ’,

194 1922 332 2005 quaein
355 1922 411 1986 illo
434 1922 514 1986 libro
542 1922 727 2001 defuerunt,
762 1927 847 1988 totas
877 1924 934 1988 aut
963 1946 1001 1989 ex
1025 1922 1115 1987 Livio
1148 1926 1204 1986 aut
1227 1945 1263 1988 ex
1296 1921 1367 1984 aliis

193 2029 398 2113 scriptoribus
421 2029 642 2113 desumpsisse.

281 2152 371 2228 Quod
404 2158 511 2218 autem
543 2155 582 2218 ad
613 2154 780 2218 verborum
811 2152 938 2217 illorum
968 2153 1207 2218 similitudinem
1239 2153 1364 2232 attinet,

192 2259 343 2325 facillime
366 2261 500 2346 cogitari
523 2264 630 2344 potest
657 2261 767 2325 eodem
795 2260 890 2324 fonte‘
914 2258 1040 2324 Livium
1067 2266 1099 2325 et
1130 2283 1201 2325 eum
1232 2261 1366 2343 scripto·

191 2379 271 2445 rem,
300 2390 391 2451 quem
418 2371 527 2433 auctor
550 2367 588 2432 de
612 2368 668 2431 vir.
686 2367 731 2432 ill.
756 2370 880 2432 secutus
903 2370 961 2443 est,
985 2370 1017 2430 et
1041 2367 1171 2432 Florum
1195 2388 1267 2431 usos
1290 2389 1364 2446 esse,

35 2506 76 2561 ,g
191 2474 288 2537 veluti
313 2477 408 2557 caput
431 2475 570 2557 primum
592 2474 729 2538 auctoris
752 2474 854 2538 nostri
877 2497 915 2537 ex
938 2473 1058 2539 Valerii
1074 2474 1215 2538 Antiatis
1240 2473 1363 2538 annali-

190 2579 248 2643 bus
270 2580 394 2644 fluxisse
417 2580 502 2644 infra
525 2581 818 2645 demonstrabimus.

259 2719 260 2723 ’
278 2704 327 2768 Ex
348 2704 430 2802 Livii
452 2705 540 2768 libris
562 2705 639 2769 haec
661 2705 727 2769 fere
750 2685 855 2789 capita
879 2708 1026 2789 excerpta
1050 2727 1116 2770 esse
1139 2674 1310 2777 videnturr

26 2804 29 2811 ’
97 2852 99 2859 -
172 2917 174 2925 Ι
296 2827 328 2912 a)
353 2832 450 2912 eaput
473 2827 529 2907 IX,
555 2827 639 2912 quod
663 2832 746 2893 recte
768 2829 955 2894 Koehlerius
979 2828 1069 2893 Livio
1091 2830 1219 2907 tribuit;

295 2952 329 3036 b)
354 2952 416 3015 duo
440 2952 495 3016 illa
519 2952 734 3017 additamenta
758 2953 805 3016 ad*
822 2959 918 3038 caput
947 2954 994 3018 IV
1023 2954 1077 3036 ((16
1096 2954 1302 3046 Horatiorum
1330 2959 1363 3019 et

349 3057 561 3123 Curiatiorum
577 3061 749 3124 certamine
772 3065 805 3124 et
820 3060 910 3124 Metii
925 3060 1045 3125 Fufetii
1060 3061 1263 3145 proditione),
1280 3083 1361 3144 quae

218 3168 222 3176 ’
349 3165 419 3248 ipsa
451 3166 659 3230 collocatione
690 3167 816 3231 aliunde
851 3171 947 3251 atque
981 3169 1078 3252 ipsius
1108 3168 1204 3232 Tullii
1231 3167 1362 3231 Hostilii

348 3272 414 3336 vita
459 3272 575 3335 hausta
620 3294 686 3337 esse
735 3274 935 3339 declarantur
983 3275 1052 3357 (cfr.
1100 3275 1360 3340 Aldenhovenius

296 3456 298 3462 Α
347 3377 455 3442 Herm.
479 3377 518 3445 V.
547 3377 640 3460 150);

177 3544 180 3549 ·
295 3502 325 3586 c)
348 3503 600 3567 additamentum
636 3503 719 3567 illud
753 3505 791 3568 ad
824 3510 920 3589 caput
952 3504 1016 3570 Vll
1053 3506 1091 3570 de
1119 3507 1242 3573 Tulliae
1280 3507 1359 3571 Tar-

103 3622 107 3630 '
347 3609 510 3693 quiniique
532 3609 697 3676 sceleribus
721 3608 790 3692 (cfr.
816 3609 955 3678 Aldenh.
980 3610 1074 3697 1.1.);
1198 3615 1204 3627 ’

294 3735 326 3818 d)
350 3738 446 3820 caput
468 3733 571 3814 XXII,
595 3720 749 3819 quod'exv
763 3734 852 3800 Livio
876 3759 1017 3802 manasse
1043 3743 1210 3822 propterea
1237 3739 1354 3803 conici·
1436 3796 1441 3805 .

346 3866 425 3920 mus,
450 3842 533 3926 quod
557 3864 592 3906 ea
617 3843 720 3920 verba,
744 3843 859 3925 quibus
876 3843 1021 3909 Valerius
1037 3843 1193 3910 Maximus
1216 3845 1253 3927 (I.
1271 3847 1299 3924 8,
1317 3845 1351 3928 2)

346 3949 477 4014 eandem
499 3972 566 4014 rem
588 3949 723 4029 rettulit,
747 3953 779 4014 et
802 3972 872 4014 cum
893 3950 1018 4015 Liviani
1041 3951 1113 4016 libri
1136 3952 1182 4016 XI
1205 3952 1353 4036 periocha

345 4061 378 4122 et
409 4078 479 4121 oum
510 4058 635 4120 auctore
666 4059 775 4120 nostro
812 4056 982 4142 insigniter
1017 4059 1189 4122 concinunt
1219 4064 1251 4124 et
1282 4081 1354 4123 vero

344 4163 524 4248 proximum
559 4166 606 4226 est
645 4161 805 4226 Valerium
838 4163 1013 4229 Maximum
1043 4165 1125 4229 siout
1156 4168 1258 4230 multa
1293 4168 1356 4231 1111

231 4339 237 4345 ‚
346 4267 415 4356 (cfr.
433 4269 630 4350 Koehlerius,
655 4291 718 4355 qua
733 4274 857 4336 ratione
873 4271 910 4336 T.
928 4270 1011 4336 Livii
1028 4271 1126 4336 annal
1133 4273 1175 4339 ib.
1192 4277 1249 4339 eto.
1266 4297 1297 4359 p.
1316 4276 1354 4339 11
