2954 5136
620 177 842 239 ..14-

29 394 33 405 ·
77 389 95 466 j
145 369 250 448 tinam,
282 368 329 432 illi
352 368 499 454 Pergami
528 369 686 436 obsessum
703 361 734 436 ¹a
762 369 849 436 Sulla
872 369 1045 435 Fimbriam
1068 392 1102 436 se
1123 371 1324 436 interfecisse

145 475 316 540 traderent.
351 474 397 540 At
418 474 589 561 Appianas
612 477 698 571 (bell.
722 477 831 543 Mithr.
856 500 882 543 c.
908 478 964 560 60)
987 485 1059 542 eum
1081 500 1146 544 non
1158 477 1321 563 Pergami,
1403 480 1407 488 '

44 676 46 681 Ι
145 583 200 646 scd
223 583 285 646 alio
303 583 387 662 loco,
412 604 506 665 quem
528 583 596 667 ipse
617 604 682 647 non
707 585 884 670 designavit
903 582 1110 670 (quamquam
1133 585 1200 651 sine
1222 585 1322 650 dubio

146 687 333 772 Thyatiram
363 689 397 752 in
428 692 533 753 mente
562 689 707 774 habuit),
742 689 872 755 aSulla
903 713 969 756 esse
992 691 1152 756 obsessum
1182 696 1215 755 et
1246 714 1321 757 oum

26 788 29 795 ’
145 794 218 859 inde
249 793 440 879 Pergamum
469 796 655 881 refugisset,
691 798 735 862 ibi
758 798 792 861 in
814 797 937 882 templo
959 798 1141 882 Aesculapii
1164 821 1196 863 se
1218 799 1321 863 inter-

64 944 67 951 >
145 901 255 965 fecisse
289 902 424 985 scripsit.
482 902 563 979 Quid
599 908 705 968 autem
740 905 825 968 aliud
865 905 962 988 apud'
989 903 1135 989 Orosium
1170 906 1318 1004 legimus,

146 1009 202 1093 qui
231 1009 326 1094 fugae
349 1009 507 1074 Fimbriae
538 1011 699 1075 mentione
729 1033 795 1076 non
817 1012 902 1076 facta
928 1013 963 1085 in
991 1014 1111 1095 templo
1138 1012 1320 1096 Aesculapii

147 1119 247 1179 semet
262 1114 423 1211 ‘occidisse
455 1139 526 1183 eum
548 1118 699 1182 rettulit?
744 1116 836 1185 Solus
858 1118 957 1203 igitur
980 1122 1091 1183 auctor
1120 1119 1157 1182 de
1188 1120 1245 1184 vir.
1271 1118 1319 1183 ill.

26 1298 31 1307 Ι
145 1222 282 1286 maxime
313 1223 469 1305 peccavit,
505 1223 587 1306 quod
618 1228 728 1288 contra
759 1225 857 1289 fontis
888 1227 937 1290 sui
975 1226 1197 1290 auctoritatem
1228 1225 1318 1290 Fim-

145 1329 247 1394 briam
271 1328 420 1416 Pergami
444 1330 602 1395 obsessunr
626 1352 693 1396 esse
714 1331 848 1415 scripsit.

234 1435 321 1501 Haec
343 1438 443 1523 igitur
466 1438 572 1520 capita
596 1442 704 1521 aperte
727 1441 760 1502 et
780 1439 848 1502 sine
872 1438 966 1502 dubio
990 1461 1028 1503 ex
1044 1437 1127 1502 Livii
1150 1439 1318 1504 annalibus

144 1542 320 1619 fluxerunt3
357 1544 395 1609 de
430 1543 501 1627 aliis
534 1546 641 1608 autem
670 1544 823 1628 suspicari
852 1549 980 1633 tantum
1009 1545 1094 1624 licet,
1130 1567 1201 1609 cum
1230 1548 1318 1608 certa

146 1648 229 1713 Livii
250 1650 384 1735 vestigia
406 1651 440 1714 in
463 1651 502 1714 iis
522 1671 587 1716 non
603 1656 788 1736 appareant.
824 1652 942 1717 Verum
957 1656 1068 1717 tamen
1083 1651 1317 1736 comparatione

9 1811 13 1819 .
145 1755 284 1839 Ampelii
299 1778 370 1820 cum
386 1761 514 1821 auctore
529 1761 638 1822 nostro
653 1757 812 1838 instituta,
835 1764 872 1823 ut
887 1780 982 1844 supra
998 1759 1141 1837 diximus,
1159 1758 1317 1842 optimum
1382 1809 1387 1814 .

26 1894 28 1899 ·
70 1904 73 1910 ‚
146 1860 365 1928 adiumentum
396 1863 435 1926 ad
467 1885 536 1927 eam
566 1887 633 1928 rem
655 1865 887 1930 diiudicandam
911 1867 1001 1930 nobis
1024 1867 1209 1949 praebetur,
1243 1886 1318 1929 cum

145 1970 285 2034 virorum
317 1971 357 2034 ab
381 1969 528 2053 Ampelio
561 1971 791 2055 descriptorum
822 1973 907 2037 vitae
936 1974 1022 2038 omni
1053 1973 1233 2057 suspicione
1263 1995 1316 2037 ca-

145 2080 246 2158 reant,
271 2081 392 2143 ceterae
415 2100 538 2141 summa
560 2078 727 2163 diligentia
750 2080 1046 2163 circumspiciendae
1068 2080 1142 2145 sint.

236 2185 338 2260 Quare
355 2183 527 2249 Koehlerio
551 2186 753 2251 adversamur
772 2185 824 2270 Sp.
842 2187 996 2252 Postumii
1017 2186 1056 2270 (o.
1075 2187 1130 2269 30)
1151 2189 1183 2250 et
1197 2184 1317 2270 Papirii

146 2290 288 2357 Cursoris
311 2290 349 2375 (c.
375 2290 430 2373 31)
454 2295 487 2356 et
509 2291 631 2386 Claudii
655 2291 790 2358 Neronis
813 2295 895 2358 vitas
919 2293 958 2377 (c.
979 2294 1036 2378 48)
1060 2317 1098 2359 ex
1121 2292 1211 2365 Livii
1226 2292 1315 2357 libris

14 2472 17 2479 ,
146 2421 210 2464 esse
233 2404 396 2482 excerptas
414 2399 598 2480 affirmanti.
645 2398 854 2483 Nequaquam
871 2401 954 2464 enim
970 2406 1072 2465 totum
1089 2403 1185 2484 caput
1201 2398 1313 2479 XXX„

147 2510 183 2570 ut
203 2489 371 2570 Koelrlerio
394 2506 530 2584 videtur,
554 2528 592 2570 ex
619 2507 683 2570 illis
706 2508 830 2571 fluxisse
852 2530 953 2591 neque
968 2507 1096 2572 Livium
1119 2508 1248 2572 omnino
1270 2506 1316 2571 ibi

146 2612 327 2678 adhibitum
351 2605 416 2677 csse
440 2613 688 2698 hincapparet,
713 2615 796 2697 quod
820 2613 998 2683 Samnitum
1029 2614 1084 2679 ille
1111 2614 1185 2692 dux,
1221 2635 1315 2696 quern

18 2716 19 2723 ἵ
120 2721 256 2821 ¹Idrias
278 2740 449 2803 omnesque
472 2720 567 2785 ceteri
591 2721 757 2805 scriptores
773 2720 922 2786 Pontium
946 2723 1119 2805 appellant,
1137 2725 1168 2785 et
1183 2721 1223 2784 ab
1235 2718 1314 2784 Am·

146 2827 228 2912 pelio
244 2831 276 2892 et
292 2827 332 2891 ab
347 2831 475 2892 auctore
498 2826 536 2890 de
558 2828 615 2891 vir.
640 2828 684 2891 ill.
708 2826 1016 2908 PontiusTelesinus
1039 2833 1178 2905 vocatur,
1202 2849 1314 2913 quam-

147 2933 253 2998 obrem
287 2933 444 2998 diversum
474 2932 606 2998 aLivio
637 2935 759 3001 fontem
789 2958 854 3000 esse
885 2935 984 3002 secuti
1008 2936 1218 3000 declarantur.
1265 2933 1315 2998 Ex

147 3041 254 3105 eodem
286 3041 386 3126 igitur
415 3041 504 3106 fonte
535 3042 655 3126 Papirii
684 3041 826 3107 Cursoris
856 3047 888 3106 et
915 3041 1038 3107 Claudii
1060 3041 1198 3106 Neronis
1229 3040 1315 3122 vitae

146 3149 316 3213 fluxerunt.
363 3149 399 3227 T,
431 3148 570 3225 Quinctii
601 3149 775 3215 Flaminini
806 3151 845 3235 (c.
870 3150 928 3234 41)
958 3155 989 3214 et
1020 3149 1057 3216 L.
1089 3147 1225 3213 Cornelii
1249 3147 1314 3214 Sci-

146 3256 250 3340 pionis
281 3255 319 3339 (c.
344 3256 398 3338 53)
430 3256 525 3334 vitae,
555 3278 633 3340 quas
656 3255 844 3322 Koehlerius
876 3257 916 3322 ad
938 3256 1062 3321 Livium
1090 3256 1198 3334 refert,
1229 3256 1315 3338 apud

147 3362 329 3446 Ampelium
367 3363 498 3439 desunt3
537 3363 572 3426 in
611 3367 723 3429 neutra
760 3366 869 3429 tamen
907 3362 991 3428 Livii
1027 3368 1141 3448 aperta
1178 3362 1315 3448 vestigia

147 3469 434 3554 deprehenduntur.
915 3534 922 3543 ,

234 3575 283 3640 De
317 3576 439 3642 duobus
472 3577 542 3642 aliis
576 3581 681 3642 autem
722 3577 878 3664 capitibus
924 3576 1001 3661 quid
1034 3577 1076 3641 sit
1109 3575 1314 3641 iudicandum

146 3685 326 3749 etiamnunc
357 3684 477 3749 dubito.
524 3685 667 3750 Primum
698 3685 782 3751 enim
811 3685 925 3769 capitis
947 3683 1093 3770 XXXIX..
1118 3684 1195 3749 haec
1217 3683 1314 3748 verba

148 3814 219 3857 cum
243 3791 356 3857 Oresio
380 3791 570 3856 concinunt:

217 3978 220 3985 p
277 3921 348 3970 auct.
367 3916 399 3969 dc
416 3917 467 3970 eir.
486 3917 524 3969 id.
544 3919 586 3969 39.
815 3932 819 3941 ·
935 3915 1011 3970 Oros.
1030 3913 1082 3968 IV.
1101 3917 1126 3967 8.

182 4005 225 4073 (A.
244 4003 345 4058 Atilius
369 4004 520 4073 Calatinus)
543 4010 628 4058 totam
646 4004 711 4058 Sici·
783 4003 885 4059 Atilius
897 4003 991 4058 consul
999 4002 1129 4069 Liparam
1139 4001 1314 4068 Melitamque

146 4095 209 4149 liam
227 4099 391 4162 pervagatus
412 4093 508 4163 paucis
524 4093 639 4146 navibus
657 4107 715 4148 mre-¹
747 4094 851 4148 insulas
880 4092 988 4149 Siciliae
1019 4092 1124 4147 nobiles
1151 4098 1315 4160 pervagatus

147 4200 225 4253 gnam
236 4182 352 4238 hostium
363 4182 475 4239 classem
485 4182 553 4237 duae
560 4181 712 4238 Hannibale
749 4183 855 4237 evertit.

146 4274 292 4343 superavit.
