2948 5182
665 248 975 342 ..5..¹

174 474 225 535 tas
249 471 371 535 censuit
387 471 567 537 referendas
588 494 661 537 esse.
698 471 1020 540 0111111111
1036 473 1156 558 (Herm.
1174 474 1253 560 Vp.
1274 468 1349 564 150)

141 614 144 619 -
174 577 358 642 adversatus
382 581 438 656 est,
464 579 518 661 qui
542 579 659 644 reiecta
683 579 884 645 Mommsenii
907 581 1089 645 coniectura
1112 581 1279 667 Calpurnii
1293 583 1348 647 Pi-

173 684 259 748 sonis
281 684 412 749 annales
434 689 577 750 secutum
593 690 752 753 auctorem
775 688 814 752 de
837 688 894 752 vir.
907 688 952 753 ill.
970 710 1037 752 csse
1058 689 1347 766 iudicavit'Quam

174 792 366 857 sententiam
389 791 474 856 illico
496 792 738 878 redarguemus:

262 895 513 964 Aldeoboccoics
536 899 751 964 demonstrare
787 901 908 964 studuit
941 922 1006 964 non
1035 902 1241 967 recentiorem
1269 903 1353 993 scri--

172 1009 308 1092 ptorcm‚
322 1006 449 1103 qualem
460 1005 636 1085 Antiatem,
663 1006 716 1072 sed
740 1028 838 1071 unum
863 1030 901 1072 ex
918 1008 1141 1073 vetustioribus
1163 1009 1203 1073 ab
1218 1013 1345 1074 auctore

115 1172 119 1179 .
173 1117 282 1178 nostro
305 1117 486 1198 excerptum
509 1135 584 1179 csse.
630 1114 732 1189 Quam
752 1115 945 1180 sententiam
968 1136 1039 1178 cum
1054 1116 1159 1179 minus
1176 1137 1344 1201 argumen-

170 1220 225 1300 tis,
241 1242 336 1304 quam
347 1221 438 1284 vanis
454 1220 655 1304 opinionibus
672 1221 921 1304 coniecturisque
936 1221 1101 1300 firmasset,
1118 1226 1225 1286 tamen
1244 1223 1345 1306 ipsius
1409 1272 1412 1276 -

171 1326 296 1392 Pisonis
320 1327 487 1392 annalibus
511 1330 672 1392 auctorem
695 1327 733 1391 de
757 1328 815 1392 vir.
839 1327 883 1394 ill.
911 1351 1000 1392 usum
1027 1350 1092 1407 esse
1109 1330 1343 1394 demonstratu-

169 1457 225 1499 rus
247 1457 313 1500 non
336 1434 445 1500 eodem
469 1433 562 1499 modo
587 1455 680 1518 agere
702 1433 820 1513 debuit,
846 1434 900 1498 sed
923 1435 1109 1517 fragmentis
1133 1434 1256 1499 Pisonis
1285 1458 1342 1500 an-

169 1542 293 1607 nalium
316 1564 388 1607 cum
410 1539 546 1606 auctoris
561 1541 663 1605 nostri
678 1541 758 1606 libro
775 1545 920 1606 accurate
936 1543 1133 1624 comparatis,
1158 1564 1238 1625 quac
1261 1544 1343 1606 ratio

168 1651 255 1714 inter
276 1650 347 1713 illos
370 1648 577 1712 intercederet
605 1647 772 1712 declarare.
819 1648 965 1731 Quinque
987 1649 1086 1734 igitur
1109 1648 1232 1713 Pisonis
1256 1649 1341 1734 frag·

167 1760 279 1823 menta
302 1757 347 1837 (in
371 1754 487 1820 Peterii
510 1755 620 1838 reliqu.
654 1755 726 1820 hist.
750 1753 886 1819 Roman.
920 1756 1059 1820 numeris
1082 1758 1112 1820 9.
1140 1760 1188 1819 10.
1215 1757 1264 1818 12.
1291 1757 1341 1818 13.

169 1865 212 1929 37
238 1862 379 1950 signata)
403 1846 475 1926 cuni
499 1866 627 1926 auctore
656 1866 765 1928 nostro
794 1867 989 1949 congruunt,
1022 1864 1075 1927 sed
1105 1864 1167 1940 ita,
1201 1867 1238 1927 ut
1267 1875 1341 1926 vero

125 2026 128 2031 .
167 1970 352 2057 proximum
375 1991 442 2035 esse
456 1969 598 2034 videatur
614 1991 666 2034 eas
682 1991 743 2048 res,
769 1991 850 2052 quae
866 1970 929 2034 illis
948 1971 1137 2054 fragmentis
1153 1970 1341 2048 referuntur,

114 2084 123 2099 ¹
167 2079 211 2143 ab
235 2077 304 2142 aliis
327 2098 451 2161 quoque
473 2077 677 2161 scriptoribus
707 2077 877 2162 eodemque
906 2077 1011 2156 modo,
1045 2099 1107 2160 quo
1132 2099 1150 2140 a
1174 2075 1287 2142 Pisone
1310 2080 1342 2141 et

167 2187 211 2252 ab
234 2187 361 2250 auctore
384 2185 422 2249 de
444 2185 493 2248 vir
515 2184 559 2247 ill.
584 2188 729 2248 narratas
753 2207 838 2261 esse3
863 2184 925 2249 duo
949 2185 1129 2270 fragmenta
1152 2185 1251 2266 (num.
1274 2184 1341 2247 5et

142 2294 215 2359 '24
237 2293 374 2378 signata,
398 2291 512 2374 quibus
536 2290 710 2354 addiderim
734 2291 773 2358 fr.
801 2292 855 2373 15)
880 2295 912 2354 et
935 2292 1054 2355 auctori
1077 2294 1185 2355 nostro
1209 2295 1241 2354 et
1258 2293 1340 2354 cete-

167 2400 213 2465 ris
235 2396 441 2483 scriptoribus
464 2392 657 2480 r'cpugnant.
704 2397 906 2481 Quapropter
929 2397 1017 2476 mihi,
1042 2397 1097 2481 qui
1113 2419 1131 2460 a
1147 2397 1340 2480 quaestioni-

168 2506 228 2571 bus
250 2504 408 2570 historicis
431 2504 616 2589 opinionum
639 2503 801 2567 libidinem
824 2525 860 2567 ac
883 2504 1049 2568 arbitrium
1066 2525 1130 2567 esse
1146 2505 1340 2589 seiungenda

114 2628 127 2645 '
168 2612 314 2691 iudicem,
338 2616 376 2675 ut
398 2611 639 2676 Aldenhovenio
662 2611 824 2688 assentiar,
849 2632 914 2675 non
936 2611 1187 2694 persuadebitur.

257 2737 460 2804 Mommsenii
483 2735 662 2800 coniectura
685 2735 744 2800 hac
767 2757 801 2799 re
824 2736 955 2814 nititur,
981 2722 1065 2820 quod
1088 2740 1200 2801 auctor
1231 2741 1339 2801 noster

166 2846 207 2913 (11
232 2845 433 2912 accusatione
457 2841 640 2929 Scipionum
672 2866 744 2908 cum
772 2842 900 2908 Valerio
924 2844 1058 2910 Antiate
1094 2843 1199 2930 (quem
1231 2844 1338 2908 Livius
1462 2826 1468 2833 ⁸

166 2955 204 3019 in
226 2953 337 3039 cap.L
359 2952 432 3017 libri
447 2950 620 3016 XXXVIII
642 2954 755 3016 testem
779 2951 871 3033 citat)
891 2952 1068 3017 consentire
1091 2952 1244 3017 videatur.
1294 2950 1339 3014 At
1452 3018 1458 3029 ,

164 3060 196 3129 si
224 3060 401 3127 accuratius
431 3064 591 3124 auctorem
630 3058 673 3123 de
701 3058 759 3123 vir.
791 3057 835 3123 ill.
877 3063 956 3142 (cap.
995 3058 1050 3141 49)
1095 3081 1166 3124 cum
1207 3058 1336 3123 Valerio

166 3190 338 3255 compares,
362 3188 427 3232 non
443 3166 537 3245 bunc,
562 3164 737 3229 sedaliam
761 3165 918 3248 quendam
938 3165 1121 3249 scriptorem
1147 3165 1187 3229 ab
1210 3169 1337 3230 auctore

163 3280 275 3345 nostro
304 3274 481 3339 adhibitum
511 3295 576 3337 esse
607 3271 780 3355 apparebit.
826 3269 895 3335 Hoc
922 3273 1020 3349 enim,
1052 3273 1134 3355 quod
1159 3273 1241 3356 apud
1265 3296 1335 3337 eum

116 3408 125 3415 ·
163 3387 299 3475 legimus
321 3381 499 3467 Scipionem
523 3381 639 3445 librum
662 3381 824 3444 rationum
851 3380 977 3444 scidisse
1000 3381 1128 3444 11111
1150 3402 1171 3444 u
1203 3380 1336 3458 171111,

163 3492 220 3560 ced
242 3497 279 3557 ut
300 3490 363 3575 ipsi
386 3488 592 3554 Mommsenio
615 3488 742 3552 videtur
765 3486 886 3570 (Herm.
911 3486 927 3550 I
953 3487 1014 3550 160
1037 3487 1128 3570 sqq),
1153 3507 1172 3550 a
1191 3485 1334 3571 Polybio,

162 3604 202 3668 ut
225 3599 393 3667 Nissenius
416 3597 550 3663 coniecit
578 3595 712 3679 (quaest.
737 3595 835 3658 critic.
860 3594 898 3659 de
921 3594 1035 3658 fo'ntib.
1061 3593 1171 3658 dekad.
1196 3592 1243 3657 IV
1258 3593 1335 3657 etV

161 3708 232 3774 Liv.
255 3707 361 3773 annal.
386 3729 417 3789 p.
442 3705 531 3786 213),
555 3725 574 3766 a
597 3701 722 3766 Claudii
745 3701 912 3766 annalibus
933 3700 1041 3764 Livius
1069 3699 1249 3784 descripsit3
1273 3722 1336 3783 qua

162 3818 202 3884 dc
223 3815 367 3881 reinfra
390 3811 544 3895 copiosius
567 3813 695 3875 acturus
718 3831 795 3873 sum.

252 3922 399 3987 Alterum
421 3924 528 3983 tamen
552 3918 656 3982 locum
680 3917 819 3989 auctoris
843 3915 881 3980 dc
903 3917 960 3979 vir.
985 3915 1029 3981 ill.
1048 3912 1274 3977 Mommsenius
1297 3935 1335 3978 ex

159 4029 284 4111 ¹Valerii
314 4026 480 4092 annalibus
513 4024 637 4089 fluxisse
661 4024 776 4088 merito
807 4022 953 4100 coniecit,
985 4025 1017 4085 ct
1048 4021 1081 4083 in
1105 4020 1174 4084 aliis
1210 4041 1335 4103 quoque

115 4124 119 4129 Ι
158 4136 298 4207 auctoris
320 4134 421 4199 nostri
453 4132 608 4217 capitibus
635 4130 775 4194 eiusdem
799 4129 919 4196 Valerii
945 4127 1083 4192 Antiatis
1113 4127 1246 4211 vestigia
1278 4149 1335 4210 ap-

157 4266 272 4335 parere
300 4242 386 4307 infra
416 4239 598 4305 videbimus.
645 4236 758 4320 Neque
788 4240 896 4300 tamen
926 4235 995 4299 ideo
1026 4234 1225 4299 Mommsenii
1255 4233 1335 4297 illud

156 4352 313 4421 iudicium
336 4348 506 4433 sequimur,
529 4345 582 4409 sed
606 4343 666 4409 hoc
689 4344 790 4409 solum
813 4344 881 4408 viro
904 4341 952 4406 illi
975 4341 1155 4406 doctissimo
1185 4340 1333 4404 concedi·
1388 4340 1391 4345 ’
