2954 5136
709 194 926 258 ..34-

229 390 396 456 Nissenius
420 393 503 455 recte
526 389 687 468 iudicavit,
711 411 748 454 ex
764 388 892 473 Nepote
916 389 1102 453 fluxerunt..
1135 386 1346 452 (tumentem
1360 387 1413 451 in-

229 520 323 581 super
346 502 377 563 et
400 496 548 562 Valerius
577 500 610 560 et
641 497 761 562 Gellius
793 519 830 560 ex
860 496 915 561 illc
946 495 1030 565 facto
1062 494 1195 561 fiduciae
1224 495 1412 579 exemplum
1437 529 1443 543 ·

230 627 297 669 esse
318 605 506 668 sumendum
530 603 673 683 doceant,
698 602 768 685 (cfr.
788 602 866 669 Geli.
892 603 970 667 haec
993 603 1055 667 duo
1079 602 1222 686 exempla
1237 602 1306 666 eius
1321 601 1411 685 Jtdtt-

93 752 98 760 «
190 781 194 789 ,
229 714 309 788 cice3
339 711 483 776 Valerios
506 710 578 777 III.
604 717 625 776 7
641 712 782 792 praefat.
806 711 869 775 illis
897 713 1018 788 antem,
1048 732 1128 794 quae
1152 709 1300 792 deinceps
1335 708 1411 772 sub-

231 822 364 896 nectam,
389 798 542 901 quantam
565 808 617 882 s'wi
637 817 789 900 fiduciam
813 815 940 901 (virtus)
965 816 1079 881 habere
1102 817 1212 894 soleat,
1241 815 1411 900 cognosci-

230 926 308 1008 tur),
321 929 491 1007 utrumque
506 925 692 1022 scriptorem
702 924 905 1017 cxpecemplis
916 925 1052 1006 fiduciae
1063 946 1081 987 a
1093 923 1217 1007 Nepote
1233 922 1412 1006 propositis

147 1118 149 1125 Ι
231 1033 415 1117 excerpsisse
447 1053 504 1095 sua
534 1031 742 1095 manifestum
775 1034 830 1096 est.
877 1029 949 1095 Huc
980 1031 1078 1115 igitur
1109 1031 1289 1108 referimus,
1325 1051 1411 1112 quae
1442 1103 1446 1108 Ι

232 1140 315 1223 apud
347 1161 448 1202 unum
470 1138 635 1203 Valerium
665 1137 841 1203 Maximum
878 1139 1042 1222 leguntur,
1075 1136 1255 1221 Scipionem
1289 1158 1411 1201 corona

230 1246 418 1330 triumphali
442 1249 591 1310 ornatum
615 1267 754 1311 caussam
780 1246 894 1310 dixisse
919 1251 952 1309 et
974 1244 1132 1309 Naevium
1164 1266 1236 1308 cum
1260 1243 1412 1328 Scipione

230 1353 265 1415 in
288 1351 482 1437 Capitolium
507 1353 722 1436 supplicatum
744 1353 930 1437 processisse
958 1390 993 1398 —
1020 1374 1101 1436 quae
1125 1374 1163 1416 cx
1186 1351 1325 1439 ingenio,
1342 1349 1411 1415 Va·

230 1460 342 1523 lerium
358 1460 482 1522 finxisse
494 1458 662 1525 Nissenius
678 1460 836 1524 immerito
853 1459 1012 1543 opinatur.
1034 1496 1073 1506 —
1090 1458 1219 1523 Praeter
1240 1456 1409 1521 Valerium

231 1571 263 1630 et
286 1566 424 1631 Gellium
449 1570 558 1631 auctor
582 1567 620 1632 de
643 1567 699 1633 vir.
724 1567 768 1630 ill.
793 1589 832 1631 ex
854 1564 1059 1650 Nepote'sua
1087 1566 1207 1642 hausit,
1241 1586 1314 1627 cum
1344 1584 1411 1628 uno

231 1672 334 1737 Gellio
358 1673 576 1738 consentiente
607 1672 787 1757 Scipionem
810 1672 951 1737 Petilliis
977 1673 1135 1737 rationem
1160 1671 1313 1756 pecuniae
1339 1664 1419 1752 Am

232 1780 405 1843 tiochcnsis
428 1780 663 1863 requirentibus
687 1779 812 1843 scidisse
837 1779 953 1843 librum
969 1781 1130 1861 rationum
1145 1779 1314 1844 memoriae
1331 1798 1411 1860 pro-

232 1887 296 1950 dat.
311 1884 335 1969 ¹)
373 1885 546 1949 ¹Valerium
570 1887 735 1950 Antiatem
759 1887 843 1949 enirn
872 1886 958 1950 illius
978 1887 1106 1951 fabulae
1122 1891 1282 1950 auctorem
1306 1884 1410 1948 fuisse

231 1994 294 2056 iam
318 1991 414 2075 supra
438 1994 644 2076 negavimus,
668 2016 708 2057 ne
733 1991 841 2057 Livius
860 1992 1040 2079 XXXVIII.
1067 1995 1107 2057 55
1133 1994 1260 2078 quidem
1289 1993 1410 2074 (neque

230 2080 381 2183 Polybius
403 2099 520 2163 XXIV.
545 2101 575 2179 9,
601 2101 635 2183 6)
659 2114 773 2164 nomen
797 2100 918 2164 tribuni
942 2100 984 2184 pl.
1009 2100 1151 2184 protulit,
1177 2101 1231 2182 qui
1254 2099 1411 2182 pecuniae

211 2205 457 2271 Antiochensis
492 2206 650 2270 rationem
684 2207 725 2270 ab
759 2208 827 2291 ipso
851 2205 1002 2271 Africano
1037 2211 1223 2291 reposceret.
1281 2204 1410 2269 Deinde

231 2313 378 2378 Valerius
401 2312 571 2391 Maximus,
604 2335 699 2396 quem
728 2335 766 2377 ex
788 2313 912 2397 Nepote
935 2336 991 2377 sua
1024 2313 1230 2397 desumpsisse
1258 2300 1410 2389 vidimus,

232 2444 304 2485 cum
327 2421 378 2484 his
402 2420 538 2484 auctoris
562 2421 665 2484 nostri
688 2420 790 2484 verbis
812 2421 904 2485 valde
927 2420 1082 2485 concinit:

363 2548 433 2596 cccl.
453 2544 485 2596 dc
503 2544 554 2597 cir.
573 2544 611 2596 itt.
630 2547 672 2596 49.
950 2545 1034 2598 Volet.
1054 2545 1132 2598 Moe.
1152 2544 1208 2597 ΠΙ.
1228 2546 1252 2596 7.
1269 2548 1298 2597 ·1.

267 2649 319 2702 hac
338 2647 390 2716 die,
409 2649 506 2717 inquit,
526 2648 715 2716 Carthaginem
735 2650 798 2712 vici;
872 2647 924 2702 hcc
943 2663 992 2716 ego
1005 2648 1171 2715 die,.inquit,
1193 2647 1322 2715 Quirites,
1343 2647 1410 2702 Car·

232 2739 310 2807 quasi
333 2741 432 2792 bonum
456 2737 558 2793 factum
584 2740 615 2793 io
640 2741 801 2809 Capitolium
837 2739 975 2806 thagincm
993 2752 1092 2805 magna
1110 2737 1261 2807 spirantem
1273 2726 1352 2804 leges
1361 2752 1410 2790 nc-

232 2845 323 2895 comcs
342 2835 369 2882 et
387 2827 438 2882 diis
456 2830 641 2897 supplicemus.
838 2834 909 2881 stras
928 2827 1051 2894 accipere
1064 2827 1138 2880 iussi.
1159 2826 1276 2881 Proinde
1289 2841 1411 2893 aequum

361 2918 363 2929 ’
837 2921 880 2970 est
905 2932 952 2970 vos
983 2932 1088 2970 mecum
1115 2917 1155 2970 ire
1184 2917 1212 2968 in
1241 2915 1410 2979 Capitolium

836 3005 1026 3073 supplicatum.

322 3114 419 3198 Apud
442 3112 582 3179 Gellium
611 3116 718 3178 antem
751 3113 807 3178 illa
839 3114 934 3178 verba
967 3117 1135 3198 propterea
1169 3135 1233 3193 non
1266 3117 1409 3195 exstant,

232 3223 317 3306 quod
340 3222 392 3286 hic
415 3225 540 3307 praeter
563 3220 738 3304 Nepotem,
772 3224 807 3284 ut
829 3221 908 3304 ipse·
921 3220 1057 3298 fatetur,
1090 3220 1233 3285 oratione
1263 3220 1409 3304 Scipioni

232 3329 360 3394 addicta
383 3351 458 3393 usus
482 3333 545 3406 est,
571 3327 657 3392 cuius
681 3331 821 3392 extrema
845 3328 939 3391 verba
963 3351 981 3391 a
1004 3326 1128 3412 Nepote
1157 3327 1319 3392 discedens
1350 3329 1408 3391 de·
1425 3312 1440 3332 '¹

232 3436 367 3520 scripsit,
384 3458 455 3500 cum
472 3433 617 3499 Valerius
634 3439 667 3499 ct
690 3439 801 3500 auctor
824 3435 862 3499 de
886 3434 943 3498 vir.
967 3435 1012 3498 ill.
1030 3456 1137 3518 presso
1153 3435 1231 3519 pede
1246 3434 1408 3519 Nepotem

232 3547 446 3628 sequerentur.
493 3541 605 3626 Neque
628 3547 702 3606 vero
725 3545 851 3606 nostrae
867 3540 1043 3605 sentcntiae
1059 3541 1168 3619 officit,
1194 3541 1278 3624 quod
1295 3544 1409 3606 auct'or

306 3841 327 3910 1)
345 3840 531 3896 Schroeterius
550 3847 578 3896 et
597 3839 704 3894 Keilius
722 3841 750 3892 in
770 3855 829 3909 cap.
848 3842 882 3896 49
900 3841 1034 3896 violenter
1060 3841 1181 3897 codicum
1208 3842 1327 3899 lectione
1345 3858 1423 3914 con,

232 3936 309 3986 recta
339 3946 389 3998 pro
422 3947 454 3983 »a
484 3929 593 3984 Petillio
627 3928 718 3983 Alteio
754 3929 863 3984 tribuno
896 3931 1002 3999 plebis«
1032 3931 1073 3985 ,in
1110 3935 1213 3986 textum
1244 3939 1408 4000 receperunt

236 4037 267 4074 »a
285 4020 394 4074 Petillio
424 4036 455 4075 ac
475 4019 580 4074 Naevio
604 4017 721 4073 tribunis
752 4019 870 4089 plebis‹;
894 4020 940 4074 sed
966 4026 1067 4075 rectam
1095 4019 1237 4076 lectionem
1260 4023 1408 4078 Martinus

215 4110 362 4183 ‚Herteius
396 4108 549 4163 restituisse
589 4107 696 4162 videtur
730 4107 922 4177 (Fleckeisenii
952 4109 1044 4163 annal.
1080 4111 1147 4163 1865
1180 4110 1323 4180 Miscell.),
1357 4109 1433 4180 qui'

233 4213 325 4252 vocem
337 4197 469 4252 ›Alteio‹
491 4196 680 4252 removendam
704 4212 764 4252 esse
783 4202 876 4251 censet
894 4205 922 4251 et
946 4205 1084 4254 auctorem
1097 4197 1131 4251 de
1155 4200 1204 4252 vir.
1217 4198 1254 4253 ill.
1269 4215 1317 4267 per
1330 4215 1407 4255 erro-

233 4303 289 4343 rem
311 4303 344 4342 »a
362 4286 486 4341 Petillia«
507 4302 557 4356 pro
582 4301 614 4339 »a
632 4285 762 4340 Petilliis«
783 4286 924 4355 scripsisse
943 4288 1047 4342 conicit

1193 4399 1206 4431 Ι
