2954 5136
625 185 956 281 -an-⁴

146 413 310 478 libertinos
322 412 535 477 Volsinienses
546 434 711 495 oppressos
724 434 791 477 esse
801 413 839 493 (c.
850 412 1010 492 XXXVI),
1022 410 1198 478 Hieronem
1211 417 1318 497 tyran-
1354 460 1359 481 1

146 543 223 583 1111111
236 521 276 584 ab
286 521 392 603 Appio
405 519 534 585 Claudio
546 523 675 604 captum
687 542 752 583 esse
762 519 800 602 (c.
815 519 994 601 XXXVII),
1005 518 1037 585 (l.
1054 519 1225 604 Nigidium
1238 519 1324 611 0171

27 651 36 659 ·
146 628 229 690 riato
249 628 283 690 in
298 626 454 711 Hispania
478 626 597 690 victum
622 647 686 690 osse
710 631 747 704 (0.
770 625 896 708 LXXI),
916 625 1043 690 Livium
1058 627 1203 691 Drusum
1223 649 1314 711 quae·

46 746 50 755 ‘
146 736 262 804 starem
271 734 304 796 in
315 733 391 797 Asia
404 733 500 798 fuisse
512 730 544 796 et
554 732 680 797 Boccho
691 731 870 818 Magulsam
881 734 1054 817 prodidisse
1064 739 1096 797 et
1105 733 1313 799 Adherbalem

147 840 287 924 hospitio
320 839 473 922 recepisse
496 842 529 904 et
551 840 696 904 morbum
720 840 912 906 comitialem
935 841 1099 906 simulasse
1122 843 1155 904 et
1182 841 1315 905 eundem·
1333 820 1359 919 l

148 946 185 1009 de
210 945 398 1010 Latinorum
421 947 542 1010 insidiis
566 947 712 1011 cavendis
726 946 911 1031 Philippum
934 923 1094 1012 consulem
1119 948 1310 1012 admonuisse
1354 924 1359 1037 11

148 1052 185 1135 (c.
203 1051 331 1134 LXVI),
348 1051 746 1141 Apuleium-Saturninum
769 1055 871 1139 legem
893 1056 932 1120 de
950 1055 1036 1139 agris
1052 1054 1087 1117 in
1105 1054 1215 1119 Africa
1239 1053 1309 1118 divi·

147 1160 257 1223 dendis
281 1144 391 1223 tulisse
407 1165 438 1223 et
454 1159 603 1224 Glauciae
620 1161 730 1224 sellam
746 1161 917 1225 concidisse
933 1165 965 1226 et
982 1161 1131 1240 Siciliam,
1150 1160 1309 1238 Achaiam,
1355 1154 1359 1249 1

147 1265 365 1330 Macedoniam
389 1267 479 1331 novis
502 1266 631 1332 coloniis
663 1267 834 1331 destinasse
861 1271 894 1333 et
924 1291 1036 1332 aurum
1060 1268 1257 1332 Tolosanum
1276 1267 1311 1332 ad
1357 1302 1359 1317 ι

146 1394 294 1457 agrorum
306 1375 475 1438 emtionem
493 1374 684 1438 convertisse
702 1378 738 1452 (c.
752 1372 912 1459 LXXIII),
932 1374 965 1439 O.
982 1374 1120 1439 Marium
1138 1375 1312 1440 voluntaria
1357 1368 1359 1373 ’

147 1482 248 1543 morte
271 1480 434 1545 decessisse
458 1481 496 1563 (e.
521 1480 672 1563 LXVII),
696 1480 867 1545 Lentulum
892 1480 924 1545 Ο.
949 1481 1030 1546 Julii
1055 1480 1198 1548 Caesaris
1233 1483 1313 1546 iussu

146 1587 282 1650 occisum
306 1608 371 1651 esse
395 1578 433 1671 (o.
458 1586 648 1685 LXXVIII).
672 1584 676 1587 ’

571 1801 889 1808 -Ἥ

587 2040 768 2121 CAPUT
800 2041 871 2121 IV.

239 2263 299 2327 DE
324 2261 534 2330 AUCTORIS
556 2263 616 2328 DE
642 2262 724 2328 VIR.
750 2263 828 2327 ILL.
854 2262 956 2327 FIDE
980 2261 1223 2328 HISTOHIOA.

112 2548 114 2553 ,
235 2477 308 2541 Jarn
332 2477 451 2541 dudum
474 2477 533 2540 viri
556 2477 642 2542 docti
665 2478 781 2541 multos
809 2499 929 2543 errores
958 2477 993 2540 in
1021 2479 1157 2543 auctoris
1189 2478 1229 2542 de
1264 2481 1323 2545 vir.

146 2586 189 2649 111.
205 2586 287 2649 libro
304 2587 426 2649 exstare
442 2585 667 2649 intellexerunt
684 2584 752 2668 (cfr.
766 2584 933 2649 Beckerius
949 2585 1098 2668 antiquit.
1111 2584 1200 2650 Rom.
1217 2585 1245 2648 I.
1262 2586 1323 2662 56;

147 2691 335 2768 Mommsen„
358 2690 466 2756 Herm.
490 2692 546 2755 IV.
573 2692 620 2775 7),
653 2695 684 2755 et
708 2689 925 2756 Schroeterius
958 2695 989 2756 et
1011 2691 1134 2756 Keilius
1163 2693 1198 2755 in
1232 2713 1323 2757 com-

147 2799 311 2863 mentariis
341 2797 459 2883 passim
487 2798 525 2861 de
553 2821 590 2862 ea
617 2820 650 2861 re
681 2798 936 2882 disputaverunt.
971 2799 1169 2883 Quapropter
1198 2819 1259 2863 nos
1290 2804 1326 2866 et

147 2928 199 2970 eos
222 2927 349 2983 errores,
374 2927 452 2988 quos
475 2905 536 2969 viri
558 2905 606 2968 illi
630 2905 713 2969 docti
742 2905 930 2969 detexerunt
954 2909 986 2970 et
1009 2906 1088 2969 alios
1120 2905 1323 2990 collegimus,
1353 2912 1358 2921 '

147 3013 287 3076 sumita
310 3012 445 3090 demum,
469 3011 504 3073 in
528 3014 682 3094 quantum
705 3012 784 3076 fides
809 3000 930 3076 auctori
954 3016 1062 3075 nostro
1090 3006 1237 3076 habenda
1267 3014 1322 3093 sit,

147 3119 313 3184 diiudicari
336 3141 428 3203 posse
450 3119 603 3183 videatur.

235 3227 376 3292 Primum
400 3226 499 3311 igitur
523 3228 633 3289 auctor
656 3225 693 3288 de
715 3225 773 3290 vir.
797 3224 842 3289 ill.
871 3226 1070 3309 complurum
1100 3226 1241 3290 virorum
1270 3249 1323 3292 res

146 3338 252 3421 gestas
273 3333 480 3398 similitudine
502 3333 666 3396 nominum
690 3332 838 3415 deceptus
861 3332 976 3396 mirum
999 3333 1034 3397 in
1056 3334 1184 3398 modum
1204 3332 1322 3399 confu-

53 3474 58 3483 ’
147 3442 194 3506 dit
217 3443 312 3524 atque
335 3440 526 3524 permiscuit.
572 3439 623 3504 Ita
646 3460 715 3522 cap.
739 3438 786 3501 IV
809 3438 942 3503 Hostius
966 3438 1121 3504 Hostilius
1145 3461 1222 3504 avus
1246 3462 1322 3505 cum

147 3547 241 3613 Tullo
268 3547 407 3612 Hostilio
442 3568 515 3631 rege
549 3546 770 3621 confunditur,
805 3568 872 3628 cap.
908 3546 968 3610 XV
999 3545 1042 3610 Μ.
1075 3546 1221 3623 Valerius
1245 3569 1323 3613 cum

86 3734 90 3743 1
147 3656 247 3720 fratre
269 3654 305 3718 P.
329 3653 457 3718 Valerio
480 3644 653 3731 Publicola,
677 3676 744 3736 cap.
768 3651 911 3717 XXVIII
933 3654 967 3718 T.
985 3654 1123 3718 Manlius
1138 3654 1322 3736 Torquatus

147 3784 208 3827 cos.
240 3784 267 3826 a.
296 3762 359 3826 407
389 3784 416 3825 a.
444 3783 474 3824 u.
503 3782 528 3825 c.
556 3783 627 3824 cum
655 3761 690 3826 T.
719 3757 841 3824 Manlio
865 3761 1026 3844 Torquato
1053 3783 1116 3828 cos.
1142 3785 1171 3825 a.
1197 3763 1263 3826 519
1291 3786 1320 3828 a.

146 3893 175 3933 u.
208 3892 248 3948 c,
273 3891 341 3952 cap.
364 3867 504 3932 XXXIX
526 3869 566 3934 A.
591 3866 708 3931 Atilius
725 3866 889 3932 Calatinus
913 3889 984 3932 cum
1008 3856 1040 3932 G.
1059 3867 1163 3932 Atilio
1179 3868 1343 3954 Regula·

147 3998 215 4060 cap.
241 3975 346 4040 XLIV
369 3976 403 4041 P.
429 3973 593 4040 Cornelius
609 3974 713 4058 Scipio
729 3973 847 4039 Nasica
870 3996 930 4039 cos.
954 3998 981 4039 a.
1000 3977 1063 4038 563
1088 3999 1116 4040 a.
1140 4000 1170 4039 u.
1196 3998 1221 4040 c.
1246 3999 1323 4043 cum

149 4083 183 4148 P.
207 4082 355 4148 Cornelio
386 4081 532 4166 Scipione
560 4081 675 4147 Nasica
704 4103 764 4147 cos.
792 4104 820 4148 a.
846 4082 909 4146 592
934 4105 961 4146 a.
987 4106 1016 4146 u.
1042 4105 1083 4159 a,
1116 4104 1184 4166 cap.
1214 4080 1322 4148 XLIX

148 4190 341 4268 Hasdrubal,
367 4189 511 4254 Gisconis
535 4190 632 4269 filius,
665 4211 737 4253 cuni
767 4188 966 4253 Hasdrubale
976 4240 987 4285 1
1016 4189 1206 4255 Hamilcaris
1242 4190 1322 4271 filio,

148 4320 217 4381 cap.
242 4297 285 4360 LI
308 4298 344 4361 T.
367 4297 507 4374 Quinctii
530 4295 703 4361 Flaminini
736 4301 828 4380 pater
856 4318 928 4361 cum
956 4291 990 4359 C}
1014 4296 1172 4362 Flaminio
1204 4318 1268 4362 cos.
1294 4321 1354 4364 a..
