2954 5136
562 214 847 279 .-26-

44 395 48 401 ⁸
151 374 310 475 penetravit.
360 405 465 462 Primus
497 409 525 461 in
551 407 618 475 this,
639 409 684 475 qui
707 407 800 462 foedus
822 409 923 463 malua·
950 409 1039 476 peium
1058 408 1122 462 item
1137 407 1246 463 eosdem
1256 407 1328 461 Pou-

151 486 307 564 Hyrcanum
342 494 461 550 Rubrum
497 504 525 552 et
550 504 613 551 runt
631 503 659 552 et
676 498 749 552 Indis
768 497 812 564 qni
834 498 923 552 adhuc
950 497 1018 552 ticos
1061 504 1089 552 et
1125 494 1329 564 Mithridatem,

150 584 296 638 Arabicum
333 601 407 640 mare
440 603 524 654 usque
548 601 599 647 nos
617 601 666 639 uec
679 592 818 652 noverant,
839 587 922 640 omnis
949 585 1011 639 item
1039 585 1138 649 Cilicas
1162 584 1269 653 piratas
1302 589 1329 638 et

152 673 283 741 pervenit.
549 675 616 728 Asia
641 675 713 730 inter
742 674 865 730 Rubrum
894 682 924 729 et
949 675 1092 730 Armenios
1116 690 1175 727 cum
1197 689 1263 741 rege
1283 672 1329 735 Ti:

550 765 674 834 Caspium
717 771 745 820 et
786 764 921 819 Oceanum
949 780 1032 832 grane
1052 769 1079 818 et
1097 763 1228 831 plurimas
1249 761 1328 817 Asia-

548 854 718 921 Pompeianis
746 853 847 908 domita
879 853 921 907 vei
949 867 994 907 cas
1007 859 1115 921 gentes3
1129 851 1329 906 subhocenim
1370 894 1372 899 .

548 957 675 1010 oppressa
684 943 920 1012 signistenebatur.
949 939 1016 996 duce
1034 940 1070 994 ad
1096 940 1219 995 Indicum
1239 931 1329 994 O'cea·

948 1046 1011 1082 num
1030 1035 1057 1084 et
1074 1029 1186 1083 rubrum
1198 1043 1275 1084 mare
1286 1043 1330 1084 us·

532 1049 535 1190 i
948 1135 999 1187 que
1018 1119 1149 1187 pervenit.

241 1258 421 1327 Heniochos
444 1286 464 1327 a
487 1264 636 1348 Pompeio
659 1265 802 1336 subactos
825 1286 892 1328 esse
922 1285 986 1327 non
1010 1262 1141 1341 Florus,
1171 1263 1225 1326 sed
1250 1284 1328 1327 cum

151 1369 280 1431 auctore
302 1373 410 1434 nostro
433 1372 582 1436 amanus
604 1371 657 1452 (II.
683 1371 761 1456 585)
785 1374 817 1436 et
839 1369 998 1436 Diodorus
1022 1366 1101 1454 (XL.
1127 1370 1148 1432 4
1169 1366 1330 1448 Ἀχαιοὺς

150 1466 311 1551 Ἰοζυγοὺς
340 1473 484 1546 Σοανοὺς
513 1473 684 1556 Ἡνιόχους
706 1512 744 1522 -
768 1475 823 1534 καὶ
844 1472 959 1536 πάντα
979 1471 1024 1533 τὰ
1052 1468 1131 1543 ’ἔθνη
1157 1471 1203 1534 τὰ
1230 1473 1328 1547 ἔντος

150 1576 207 1643 τῆς
229 1577 392 1648 Ποντικῆς
415 1577 546 1650 καὶτῆς
569 1578 725 1661 Ἐρυθρᾶς
748 1574 991 1653 κατοικοῦντα)
1009 1580 1041 1641 ei
1058 1577 1193 1643 Velleius
1208 1577 1329 1644 Pater·

150 1674 237 1740 culus
261 1676 316 1761 (II.
341 1679 393 1757 40,
421 1680 433 1742 l
462 1677 592 1743 Colchos
615 1679 854 1764 Heniochosque
877 1685 909 1745 et
933 1681 1090 1769 Achaeos)
1118 1685 1329 1749 rettulerunt.

239 1782 382 1867 Denique
405 1785 482 1850 haec
504 1787 713 1870 scripserunt:
801 1788 809 1801 '

181 1946 248 1995 caet.
268 1942 299 1995 de
317 1945 366 1996 uir.
385 1945 423 1998 tii.
443 1948 485 2000 79.
631 1946 710 2000 Flos.
731 1946 771 1998 II.
792 1949 833 2000 34.
982 1949 1088 2018 Ampet.
1108 1950 1165 2003 XL
1174 1950 1237 2003 VII.
1258 1953 1284 2002 7.
1318 1979 1323 1987 ·

185 2028 522 2100 HuicParthisigua‚quae
584 2047 645 2087 nam
658 2040 686 2088 et
695 2031 812 2102 Scythae
821 2034 918 2088 misere
981 2065 1014 2076 -
1052 2042 1190 2104 totumque
1226 2039 1325 2092 orbem

153 2119 249 2174 Crasso
269 2120 441 2188 sustulerant,
451 2123 521 2176 ultro
547 2122 651 2190 legatos
666 2128 693 2176 et
703 2122 844 2178 Sarmatae
852 2124 918 2177 ami·
944 2125 1325 2194 perpacavitexceptislnriis,

149 2208 330 2262 reddiderunt.
366 2210 440 2278 Indi,
459 2213 520 2282 Scy·
548 2202 640 2265 citiam
669 2217 798 2279 petentes.
839 2209 917 2267 Seres
944 2212 1068 2280 ParthIs,
1093 2213 1234 2281 Sarmatis,
1255 2215 1324 2285 Scy·

149 2297 225 2365 thoe,
255 2296 411 2366 Sarmatae,
444 2300 520 2369 Daci,
547 2298 629 2353 etiam
648 2299 855 2367 habitantesque
868 2303 917 2355 sub
943 2301 1010 2370 this,
1034 2301 1130 2371 Dacis,
1164 2304 1234 2370 quod
1272 2320 1323 2359 eos

150 2402 218 2455 quos
228 2403 281 2441 non
292 2388 440 2457 domuerat,
450 2389 521 2445 dona
548 2388 605 2456 ipso
624 2389 682 2443 sole
702 2389 761 2442 Indi
776 2419 808 2429 -
821 2391 917 2445 Parthi
944 2389 1053 2446 fortuna
1062 2390 1174 2445 Traiani
1184 2391 1321 2460 principis

148 2476 288 2530 miserunt.
331 2478 394 2532 Jani
421 2480 520 2546 gemini
547 2492 664 2543 quoque,
691 2478 769 2544 quasi
787 2480 917 2535 victoriae
944 2479 1087 2547 triumphis
1105 2480 1263 2534 reservavit.

148 2571 242 2631 portas
260 2567 302 2621 bis
321 2574 383 2621 ante
399 2583 432 2621 se
448 2569 520 2623 clau·
546 2565 709 2633 paeniteret,
737 2573 816 2634 rapta
840 2566 917 2621 clade
979 2569 1079 2622 XVIII.
1098 2570 1136 2623 -21
1164 2597 1195 2606 -
1221 2585 1320 2638 perpa-

75 2658 78 2662 “
148 2668 201 2718 sas,
230 2655 316 2722 primo
344 2655 394 2709 sub
421 2654 519 2723 Numa,
547 2653 690 2708 Crassiana
730 2657 807 2724 signa
844 2657 916 2710 ultro
944 2657 1011 2711 catis
1030 2658 1152 2711 omnibus
1170 2659 1321 2725 provinciis

147 2744 246 2797 iterum
263 2749 325 2812 post
337 2744 450 2813 primum
465 2745 520 2799 Pu·
546 2743 673 2798 rettulere
710 2736 744 2784 '-
783 2758 916 2811 aususque
943 2746 1078 2799 exercitus
1097 2752 1156 2800 toto
1179 2748 1244 2801 orbe
1264 2755 1320 2803 ter-

147 2832 235 2887 nicum
253 2833 353 2888 bellum
372 2849 421 2887 sua
440 2851 520 2888 manu
546 2831 654 2886 tandem
670 2833 917 2902 eaesarnugustus
943 2850 1033 2887 rarum
1059 2834 1189 2903 disposuit
1212 2842 1239 2890 et
1262 2837 1319 2891 Ro-

148 2921 256 2975 clausit.
283 2921 408 2976 Dictator
419 2923 448 2976 in
460 2939 519 2991 per·
545 2919 613 2975 Dec
646 2923 680 2975 ab
710 2922 775 2976 urbe
809 2923 916 2977 condita
933 2939 1050 2978 -manum
1074 2925 1215 2992 imperium
1244 2926 1316 2978 ordi-

148 3016 256 3077 petuum
280 3010 369 3067 iactus
387 3027 404 3065 a
423 3018 519 3067 senatu
545 3024 616 3063 anno
650 3009 749 3065 Janum
781 3012 916 3079 geminum
943 3013 1027 3079 navit,
1047 3018 1110 3080 post
1128 3013 1203 3066 cuius
1221 3029 1317 3068 conse-

112 3086 114 3090 *
148 3099 182 3152 ob
201 3115 244 3152 res
263 3107 353 3168 gestas
366 3102 449 3156 Divus
464 3104 518 3156 Au·
545 3099 652 3154 cludere
670 3100 712 3154 bis
732 3107 795 3155 ante
814 3117 842 3156 se
861 3103 915 3155 clu·
943 3103 1091 3165 orationem
1104 3107 1236 3170 perpetua
1247 3103 1315 3156 Cae·

149 3195 243 3255 gustus
263 3195 305 3242 est
322 3191 483 3258 appellatus
544 3190 671 3242 sumsuh
695 3189 866 3258 regeNuma
889 3198 915 3244 et
942 3206 1031 3246 sarum
1060 3190 1195 3245 dictatura
1232 3190 1316 3246 domi·

194 3286 197 3291 ·
544 3276 614 3330 victa
623 3277 738 3343 primum
746 3278 914 3348 Carthagine.
942 3287 1029 3335 natur.

544 3395 579 3404 -
607 3367 640 3420 ob
669 3367 737 3422 haec
767 3374 809 3421 tot
842 3367 916 3422 facta

543 3456 663 3524 iugentia
681 3455 797 3510 dictator
821 3472 915 3525 perpe·

544 3550 606 3599 tuus
637 3552 665 3600 et
695 3553 774 3614 pater
809 3546 915 3615 patriae

545 3634 915 3702 dictus3—sanctiusetreve-

544 3723 648 3778 tentius
666 3724 751 3778 visum
765 3729 807 3777 est
818 3739 915 3778 nomen

465 3836 468 3842 ·
545 3813 669 3881 Augusti.

236 3955 337 4020 Nemo
354 3959 530 4021 ceterorum
551 3956 740 4040 scriptorum
755 3954 916 4020 Sarmatas
932 3956 971 4021 ad
993 3955 1204 4021 Octavianum
1224 3955 1311 4039 lega·

45 4122 49 4129 .
149 4066 198 4127 tos
230 4060 350 4126 misisse
373 4064 568 4145 eundemque
598 4063 785 4127 dictatorem
820 4062 854 4126 in
878 4065 1066 4146 perpetuum
1097 4062 1216 4126 dietum
1247 4084 1312 4126 esse

149 4169 419 4267 commemorarit3
448 4169 614 4253 Ampeiius
637 4173 746 4233 antem
769 4173 802 4233 et
824 4171 932 4233 auctor
956 4169 993 4232 de
1015 4167 1071 4234 vir.
1093 4169 1139 4232 ill.
1163 4168 1312 4253 gentibus

147 4275 188 4340 ab
204 4275 380 4342 Octaviano
403 4299 467 4342 non
491 4276 618 4341 domitis
634 4275 736 4341 Dacos
760 4274 957 4353 addiderunt,
982 4297 1001 4339 a
1025 4274 1119 4340 Floro
1141 4276 1313 4358 propterea
1346 4354 1359 4367 .
