2954 5136
625 173 943 280 -11-7

145 407 231 490 quod
255 406 416 472 Cornelius
439 407 550 473 Cossus
572 410 630 474 sub
654 409 807 475 dictatore
823 410 920 474 Mam.
938 409 1075 475 Aemilio
1098 409 1181 473 idem
1205 411 1321 503 adver·

145 535 197 578 sus
220 513 385 580 Fidenates
408 502 497 593 fecit,
527 517 610 599 quod
633 516 688 579 ille
711 517 833 601 proelio
856 517 1029 601 Regillensi
1045 518 1162 603 ¹contra
1186 515 1321 580 Latinos

146 618 216 702 (cfr.
233 619 343 686 Front.
366 620 406 685 Il.
424 622 454 701 8,
481 623 544 703 10).
577 620 720 687 Ceterum
735 625 942 707 pronuntiata
957 623 1111 690 militibus
1127 646 1146 686 a
1162 624 1322 687 dictatore

148 748 214 790 esse
239 728 389 810 praemia,
413 729 467 812 qui
491 729 618 812 primus,
642 730 697 812 qui
711 730 865 795 secundus
882 733 984 794 castra
999 729 1141 794 hostium
1156 730 1320 806 intrasset,

147 832 256 897 Livius
267 834 436 898 memoriae
447 835 596 919 prodidit,
610 839 641 898 et
656 836 733 900 haec
744 835 827 920 apud
841 835 1048 920 Calpurnium
1062 835 1211 901 Pisonem
1221 835 1321 918 (Plin.

56 1022 60 1029 ι
145 942 213 1004 nat.
227 939 300 1003 hist.
315 941 366 1018 33,
380 942 435 1020 38)
447 941 596 1026 legimus:
610 941 650 1007 A.
663 941 844 1007 Postumius
854 942 990 1008 dictator
1002 944 1086 1027 apud
1095 930 1199 1008 lacum
1212 940 1323 1026 Regil-

145 1046 213 1110 lum
236 1046 345 1110 castris
367 1045 552 1111 Latinorum
576 1048 764 1133 expugnatis
787 1048 824 1126 ei,
849 1049 936 1114 cuius
958 1049 1094 1112 maxime
1111 1070 1208 1132 opera
1224 1052 1324 1131 capta

145 1155 258 1230 essent,
283 1154 364 1217 hanc
387 1174 534 1219 coronam
557 1177 594 1218 ex
617 1155 734 1238 praeda
756 1154 843 1221 dedit
869 1193 903 1201 -
932 1177 1011 1238 quae
1034 1156 1130 1239 plane
1152 1177 1225 1219 cum
1247 1177 1342 1219 auc--

145 1262 214 1323 tore
248 1262 355 1324 nostro
390 1260 570 1326 concinunt.
617 1260 721 1344 Atque
742 1261 913 1346 Dionysius
935 1263 1057 1325 auctori
1082 1266 1190 1326 nostro
1214 1283 1324 1325 assen-

147 1388 200 1431 sus
230 1369 302 1451 pcst
331 1367 484 1453 proelium
517 1367 716 1431 commissum
746 1369 968 1448 Dioscurcrum
996 1368 1137 1432 divinam
1169 1372 1325 1433 naturam

147 1493 166 1536 a
190 1471 341 1536 Romanis
363 1473 557 1538 intellectam
580 1477 612 1538 et
634 1475 757 1559 gratiae
781 1475 1007 1559 persolvendae
1030 1496 1141 1540 caussa
1162 1451 1325 1559 templum

146 1579 186 1643 iis
209 1579 399 1658 dedicatum,
424 1601 490 1644 uon
513 1579 701 1664 promissum
732 1581 816 1646 inter
846 1581 1056 1666 pugnandum
1085 1602 1151 1646 esse
1166 1581 1323 1664 scripsit.

147 1684 345 1750 Postremum
369 1685 481 1751 Florus
504 1686 608 1751 miuus
624 1690 769 1751 accurate
787 1687 825 1750 de
840 1687 967 1771 templis
983 1687 1208 1752 Dioscurcrum
1226 1688 1325 1776 verba

147 1792 232 1871 fecit,
257 1795 367 1859 auctor
390 1792 427 1856 de
450 1793 508 1857 vir.
532 1793 576 1858 ill.
601 1796 707 1858 autem
730 1815 858 1877 prorsus
881 1793 994 1858 merito
1020 1792 1091 1879 (cfr.
1116 1793 1185 1858 Liv.
1202 1792 1243 1856 Π.
1264 1793 1324 1877 20)

148 1899 309 1964 communi
333 1899 429 1965 titulo
451 1922 547 1988 unam
571 1902 679 1965 aedem
702 1900 741 1964 iis
765 1900 941 1966 dedicatam
967 1921 1033 1964 esse
1057 1900 1190 1964 rettulit.
1225 1925 1228 1929 ·

238 2077 320 2141 Tum
353 2078 391 2143 de
422 2076 457 2142 P.
488 2075 625 2142 Cornelii
655 2071 812 2161 Scipionis
838 2076 982 2141 Africani
1013 2075 1210 2142 continentia
1243 2077 1325 2143 haec

149 2185 300 2270 legimus:

235 2360 310 2430 cpad
328 2364 399 2415 auct.
418 2359 449 2413 dc
467 2359 516 2413 cir.
535 2358 574 2412 111,
594 2360 637 2412 19,
865 2359 939 2428 opud
958 2359 1037 2414 Flor.
1057 2361 1080 2415 I.
1098 2363 1145 2414 22.
1163 2363 1208 2414 40.

105 2464 108 2469 ·
135 2433 136 2436 ¹
184 2449 316 2518 virginem
333 2447 556 2516 pulcherrimam,
584 2446 620 2500 ad
639 2448 715 2501 cuius
790 2477 824 2486 -
842 2447 941 2516 quippe
954 2447 999 2514 qui
1009 2449 1129 2515 captivos
1138 2464 1237 2516 pueros
1246 2449 1325 2518 puel-

109 2528 115 2537 ’
151 2542 325 2604 conspectum
344 2535 564 2602 concurrebatur,
583 2534 618 2590 ad
632 2549 660 2589 se
674 2551 716 2589 ve·
753 2535 848 2604 lasque
860 2535 1025 2605 praecipuae
1038 2537 1249 2606 pulchritudinis
1261 2539 1325 2592 bar-

148 2625 201 2680 tuit
224 2624 319 2680 adduci
340 2624 465 2693 patrique
484 2624 541 2678 eius
563 2637 595 2677 ac
617 2638 715 2691 sponso
751 2624 824 2678 baris
852 2622 1007 2679 restitueret
1031 2642 1065 2681 ne
1091 2627 1118 2680 iu
1147 2633 1326 2695 conspectum

149 2714 278 2770 restituit.
468 2742 471 2747 ·
751 2727 828 2766 snum
846 2713 953 2782 quidem
972 2730 1066 2782 passus
1085 2715 1192 2784 adduci,
1210 2717 1325 2784 nequid

441 2820 443 2824 ⁴
750 2802 781 2858 de
808 2803 971 2872 virginitatis
997 2805 1152 2874 integritate
1180 2804 1322 2862 delibasse

748 2893 844 2948 saltem
863 2892 949 2947 oculis
967 2893 1115 2948 videretur.

241 3088 359 3154 Omnes
382 3090 479 3160 ceteri
501 3089 682 3173 scriptores,
712 3091 767 3174 qui
793 3091 878 3154 illius
904 3092 949 3155 rei
972 3090 1166 3156 mentionem
1188 3089 1324 3171 faciunt,

154 3217 173 3260 a
195 3194 289 3260 Floro
303 3198 344 3300 'et
367 3199 495 3284 auctore
518 3197 556 3261 de
586 3197 644 3262 uir.
674 3197 720 3265 ill.
749 3219 785 3262 ea
815 3219 848 3262 re
878 3198 968 3263 v'alde
995 3198 1201 3275 dissentiunt,
1222 3197 1324 3303 'quod

152 3302 309 3388 virginem
331 3303 420 3367 illam
442 3302 619 3388 Hispanam
644 3309 700 3369 aut
722 3304 890 3394 adductam
914 3305 954 3369 ad
978 3303 1159 3389 Scipionem
1186 3303 1324 3368 inviola-

55 3474 62 3488 ,
150 3414 280 3494 tamque
302 3410 388 3494 patri
410 3409 568 3475 redditam
592 3431 655 3476 esse
678 3410 746 3488 (cfr.
771 3411 838 3476 Liv.
855 3413 906 3491 26,
925 3412 981 3489 503
1007 3410 1085 3478 Gall.
1105 3411 1322 3489 11.Α11.6,8;

151 3517 260 3601 Polyb.
279 3517 330 3596 10,
349 3517 407 3594 193
431 3516 575 3582 Frontin.
588 3517 629 3581 H.
647 3519 699 3597 -ll,
717 3518 750 3600 5)
767 3522 823 3582 aut
837 3518 1021 3602 simpliciter
1038 3522 1206 3603 postquam
1222 3517 1324 3611 nobili

149 3604 258 3690 iuveni
293 3623 479 3708 desponsam
515 3623 603 3688 illam
642 3625 860 3708 comperisset,
900 3647 919 3689 a
955 3625 1100 3709 Scipione
1140 3625 1323 3689 restitutam

152 3730 336 3819 parentibus
360 3753 425 3795 esse
448 3730 641 3814 scripserunt
663 3731 731 3813 (cfr.
756 3729 935 3796 11111111.
959 3731 1014 3797 IV.
1040 3734 1069 3811 3,
1097 3735 1131 3808 l;
1156 3730 1332 3808 [11101113

153 3839 191 3903 fr.
217 3837 268 3917 57,
287 3838 352 3920 43).
381 3835 464 3924 Cum
487 3842 592 3902 autem
616 3843 726 3903 auctor
749 3841 857 3902 noster
881 3860 944 3902 non
968 3838 1006 3901 de
1029 3839 1133 3922 pueris
1148 3837 1325 3922 puellisque

155 3943 297 4028 pulchris
320 3943 415 4008 verba
440 3943 543 4023 iaciat,
568 3945 620 4008 sed
644 3945 682 4010 de
703 3966 777 4014 una,
791 3947 938 4027 certaque
954 3945 1087 4031 virgine,
1108 3945 1220 4009 deinde
1237 3946 1325 4028 patri

154 4056 186 4116 et
214 4071 330 4133 sponso
361 4049 516 4115 redditam
546 4052 635 4115 illam
668 4072 734 4116 esse
766 4050 954 4132 contendat,
987 4051 1018 4115 id
1037 4038 1134 4134 ‘quod
1164 4052 1199 4114 in
1230 4050 1325 4115 Floro

155 4158 275 4222 frustm
299 4179 445 4242 quaeras,
469 4162 578 4242 aperte
601 4156 870 4223 narratiunculam
894 4157 984 4236 illam
999 4154 1064 4222 nbn
1087 4180 1125 4222 ex
1141 4157 1246 4235 Floro,
1268 4158 1324 4224 sed

157 4267 189 4328 et
212 4264 299 4330 Flori
322 4265 413 4330 fonte
435 4264 550 4330 hausit.
968 4266 971 4270 ’
1264 4262 1267 4267 ’
