2948 5182
581 273 801 336 „13-

269 471 407 556 Kampfii
430 468 587 554 praefatio
613 468 654 532 ad
675 464 841 531 Valerium
863 461 1038 527 Maximum
1062 481 1093 543 p.
1122 458 1162 522 15
1186 453 1278 549 sqq),
1332 550 1339 561 ὓ

264 579 311 643 ita
333 577 413 642 illud
436 597 561 661 quoque
586 572 763 658 exemplum
786 592 824 634 ex
846 569 936 634 Livio
959 566 1159 652 excerpsisse.
1247 612 1251 619 .
1345 558 1349 566 ’

211 684 241 768 e)
265 684 396 750 Prorsus
416 683 533 753 ,merito
557 684 653 765 caput
675 677 816 744 XXXVI
838 676 878 742 ad
898 676 1024 740 Livium
1047 672 1165 738 referre
1197 669 1277 735 mibi

265 793 386 870 videor3
410 792 605 875 scripserunt
628 789 728 854 cuim:

104 915 371 973 attaminatos.
431 914 516 970 Vutcr.
534 913 652 968 Mariua.
691 911 694 964 l
748 911 823 968 Oros.
843 909 895 964 IV.
914 910 940 960 5.
1057 903 1140 958 Flor.
1159 900 1183 955 1.
1201 902 1243 953 16.

469 1003 522 1057 IX.
541 1007 564 1056 1.
583 1006 611 1057 2.

141 1111 257 1167 Volsinii
289 1113 371 1166 Etru·
451 1108 674 1179 (Volsiniensium
752 1104 936 1159 Volsinienses
1045 1096 1161 1151 Volsinii
1172 1097 1279 1165 apulea-

106 1203 166 1256 riae
189 1201 279 1280 nobile
298 1200 372 1270 oppi·
408 1198 485 1265 urbs)
517 1203 589 1265 eratx
610 1213 675 1265 opa-
711 1195 887 1250 Etruscorum
930 1195 976 1263 tto-
1013 1187 1109 1242 tissimi
1150 1185 1279 1238 Etrusco·
1379 1202 1381 1207 ·
1429 1168 1440 1185 ‘

107 1290 372 1359 dumtaaara'upccaa
408 1288 479 1342 teate
497 1286 675 1341 -Etruriae
711 1284 977 1338 rectissimitaaariu
1013 1293 1079 1341 rum,
1103 1273 1280 1341 implorantes

105 1380 249 1448 perierunt.
301 1378 372 1433 Nam
409 1382 492 1444 caput
509 1375 675 1439 habebatur;
706 1388 794 1444 puaac
830 1375 975 1443 perierant.
1031 1380 1110 1439 ⁰Pi³m
1133 1362 1263 1416 adversus

107 1473 372 1522 cumtemereservos
439 1465 486 1519 sed
504 1471 649 1533 postquam
711 1461 781 1514 Nam
800 1477 860 1515 cum
873 1491 908 1500 -
921 1476 976 1515 ser·
1013 1467 1105 1507 servos
1146 1450 1280 1518 quondam

125 1553 354 1623 manumitterent,
410 1555 521 1610 taaaaa
546 1552 676 1622 prolapsa
711 1565 759 1605 vos
787 1564 849 1605 suos
877 1549 977 1617 passim
1013 1555 1085 1607 suos,
1122 1540 1168 1606 qui
1198 1539 1279 1593 liber·
1354 1550 1358 1555 '

107 1644 169 1698 dein
205 1645 233 1697 in
269 1630 374 1698 curiam
410 1650 460 1711 est,
473 1645 502 1696 in
513 1640 675 1711 profundum
711 1639 812 1693 liberos
845 1637 977 1706 facerent,
1014 1636 1099 1684 tatem
1124 1643 1140 1682 a
1164 1627 1278 1682 dominis

106 1732 373 1802 legerent,consansu
409 1733 567 1787 iniuriarum
580 1735 675 1784 attur·
712 1758 747 1766 -
764 1727 884 1783 libertini
898 1757 929 1766 -
944 1729 977 1781 li·
1014 1718 1107 1787 datam
1143 1717 1171 1770 in
1208 1716 1281 1783 ipsos

108 1837 200 1878 eorum
219 1823 349 1891 oppressi.
409 1820 540 1890 pitudinis
570 1819 676 1886 decidit,
712 1818 800 1872 berati
840 1817 978 1871 servitutis
1014 1813 1157 1862 erexerant
1193 1811 1279 1858 trans·

409 1916 440 1964 ut
477 1924 615 1964 servorum
647 1923 676 1963 se
712 1909 776 1976 iugo
787 1909 980 1964 dominationis
1014 1897 1125 1962 lataque
1144 1895 1219 1959 inte
1238 1909 1279 1948 ῐθ·
1381 1970 1384 1974 ,

432 1999 659 2053 insolentissimae
713 1998 816 2051 ambitu
844 2003 976 2052 arserunt.
1013 1985 1123 2054 publica
1158 1984 1279 2039 domitta·

411 2089 589 2144 dominationi
606 2087 677 2142 subi·
1014 2076 1121 2129 baatar.

411 2184 491 2232 teret.
994 2193 997 2243 Ι

269 2284 431 2350 Valerium
450 2285 626 2350 Maximum
649 2290 681 2347 et
697 2282 844 2348 Orosium
864 2289 895 2348 et
911 2284 1042 2350 Florum
1064 2291 1096 2352 ct
1118 2264 1279 2352 auctorem

269 2397 410 2456 nostrum
433 2392 485 2456 hic
509 2392 616 2456 eodem
636 2391 725 2456 fonte
748 2413 820 2455 usos
843 2413 909 2456 esse
938 2395 1048 2479 negari
1073 2393 1199 2476 nequit,
1225 2393 1280 2475 qui

268 2501 334 2564 sine
366 2500 460 2564 dubio
482 2499 588 2562 Livius
613 2497 693 2574 fuit,
726 2498 809 2582 quod
833 2520 871 2561 ex
894 2500 959 2562 eius
983 2482 1149 2564 annalibus
1174 2497 1278 2562 Orosii

270 2606 365 2670 verba
387 2606 546 2669 fluxerunt
568 2603 640 2688 (cfr.
665 2603 782 2668 Theod.
805 2604 842 2669 dc
858 2603 1013 2684 Moerncr,
1037 2605 1075 2669 dc
1091 2604 1198 2670 Orosii
1214 2605 1281 2670 vita

271 2712 398 2795 eiusque
417 2712 528 2778 histor.
545 2710 614 2774 libr.
630 2709 701 2773 VH.
726 2710 795 2774 adu.
819 2732 891 2794 pag.
916 2734 946 2794 p.
974 2712 1059 2795 112).

217 2818 247 2903 f)
271 2819 320 2883 De
350 2818 459 2883 Flavio
488 2818 631 2882 Fimbria
661 2817 738 2882 haec
770 2819 856 2901 apud
880 2815 1023 2896 Orosium
1056 2823 1088 2884 et
1119 2822 1280 2895 auctorem

270 2927 308 2991 de
332 2926 388 2990 uir.
413 2927 459 2991 ill.
483 2926 648 3011 leguntur:

212 3078 216 3083 ·
241 3056 311 3105 aaut.
331 3049 362 3104 de
380 3051 430 3104 atr.
449 3049 486 3103 ill.
504 3053 547 3104 70.
719 3112 722 3117 ,
900 3048 976 3103 Oros.
1002 3049 1049 3104 VI.
1067 3053 1095 3104 2.

147 3141 175 3194 G.
202 3138 314 3192 Flavius
344 3138 475 3205 Fimbria,
505 3138 677 3193 sactissimus
748 3137 856 3190 Interea
876 3136 997 3190 Fimbria
1016 3138 1209 3213 Murtcaoraaa
1227 3153 1279 3192 scc-

112 3230 209 3299 paippc
223 3229 325 3283 Ctaaue
337 3229 438 3282 satellas
451 3227 563 3282 Valerio
576 3226 676 3280 Flacco
713 3227 798 3281 teram
822 3225 925 3280 satelles
946 3226 1022 3282 bomo
1048 3231 1167 3282 amatam
1191 3227 1279 3282 audu-

113 3317 215 3373 consuli
239 3317 348 3386 legatus
371 3316 398 3370 in
422 3316 514 3370 Asiam
539 3315 677 3384 profectus
712 3316 835 3370 tissime
871 3314 999 3368 Flaccum
1041 3317 1193 3382 consulam,
1237 3315 1280 3369 cui

112 3423 161 3475 par
197 3406 361 3461 simultatem
395 3405 519 3459 dimissus
551 3410 677 3472 corrupta
713 3404 818 3473 legatus
860 3404 944 3474 ierat,
985 3406 1058 3473 apud
1097 3405 1279 3461 Nicomediam

113 3496 234 3551 exercitu
261 3495 361 3552 ducem,
388 3493 603 3553 interficiendum
633 3510 676 3547 cu·
714 3494 820 3549 occidit.

112 3585 190 3640 ravit.

201 3704 277 3770 Cum
302 3710 406 3771 cetera
430 3692 562 3792 quoque,
588 3729 669 3791 quae
693 3704 820 3771 Orosius
842 3710 874 3770 et
898 3713 1009 3775 auctor
1031 3709 1069 3772 de
1093 3710 1149 3772 vir.
1173 3709 1217 3775 ill.
1242 3711 1281 3774 dc

113 3813 223 3878 Flavio
254 3813 396 3879 Fimbria
427 3817 635 3894 rettulerunt,
676 3814 770 3897 plane
800 3814 884 3878 inter
914 3838 946 3880 se
977 3819 1155 3902 congruant
1184 3821 1280 3899 atque

113 3921 210 3985 etiam
239 3922 366 4006 singula
396 3921 524 3985 alterius
557 3921 651 3984 verba
674 3920 766 3985 alteri
788 3923 1007 4004 respondeant,
1038 3928 1147 4006 aperte
1170 3904 1281 3987 auctor

112 4030 219 4092 noster
242 4049 312 4092 cum
337 4025 447 4091 Orosio
470 4027 539 4112 (cfr.
563 4027 679 4093 Theod.
705 4027 743 4090 de
766 4026 911 4092 Moerner
931 4029 951 4092 l.
969 4029 989 4093 l.
1006 4052 1035 4113 p.
1055 4029 1130 4113 132)
1154 4028 1285 4092 Livium·

113 4138 238 4199 secutus
269 4137 325 4198 est.
370 4134 521 4199 Perversa
544 4138 650 4199 autem
674 4135 771 4198 Keilii
794 4135 969 4216 sententia,
1003 4136 1116 4220 quiin
1142 4135 1279 4200 editione

113 4265 171 4307 sua
209 4240 333 4306 monuit
369 4245 401 4306 et
435 4240 616 4325 Appianum
655 4244 687 4304 et
720 4246 864 4307 nostrum
904 4247 1064 4308 auctorem
1100 4244 1138 4308 de
1178 4247 1279 4308 morte

112 4348 270 4414 Fimbriae
293 4371 312 4413 a
333 4348 506 4414 Plutarcho
530 4353 561 4412 et
577 4348 691 4413 Orosio
714 4348 887 4428 dissentire,
912 4351 995 4434 quod
1017 4351 1052 4443 bi
1075 4351 1157 4437 apud
1172 4351 1279 4435 'tha-
