2954 5136
449 922 452 927 ’
571 912 770 1022 Pras
804 913 873 1022 Π.

154 1144 217 1242 ι119
251 1144 493 1219 auctoritate
521 1146 562 1218 et
588 1145 665 1219 flde
688 1144 886 1238 ¹historica
913 1144 1014 1262 libri
1041 1144 1189 1224 119111.
1217 1143 1280 1217 ill.
1399 1248 1403 1259 ‚

644 1373 804 1381 —--.

607 1539 787 1621 CAPUT
820 1536 852 1619 I.

226 1724 304 1788 Cum
328 1725 426 1809 igitur
449 1724 707 1808 praecedentibus
731 1723 886 1807 capitibus
909 1724 1013 1788 fontes
1036 1724 1172 1787 auctoris
1189 1725 1226 1788 de
1249 1727 1307 1790 vir.

137 1832 182 1895 ill.
209 1832 311 1916 aperti
334 1854 401 1896 esse
424 1833 606 1910 videantur,
629 1831 768 1908 faciliuS,
800 1830 877 1913 quid
900 1830 1026 1895 deeius
1055 1832 1245 1896 auctoritate
1276 1835 1308 1896 et

137 1940 198 2032 fide
220 1939 373 2004 historica
395 1938 599 2003 iudicandum
623 1939 677 2016 sit,
708 1941 846 2003 statuere
869 1938 1052 2020 poterimus,
1103 1936 1210 2021 Atque
1242 1940 1308 2022 pri-

137 2069 225 2111 mum
250 2046 412 2110 Aurelium
437 2046 597 2111 Victorem
621 2046 722 2109 nostri
744 2045 819 2108 libri
844 2046 880 2109 de
903 2045 961 2109 vir.
985 2045 1030 2108 ill.
1055 2049 1214 2110 auctorem
1243 2069 1307 2111 esse

136 2175 306 2240 negamus,
338 2154 468 2218 ¹acuius
491 2154 578 2217 libris
602 2152 786 2216 iamdudum
809 2152 902 2215 illum
937 2153 1030 2216 multi
1053 2152 1114 2216 viri
1142 2153 1228 2217 docti
1259 2176 1326 2217 sev

137 2265 358 2347 gregauerunt.
404 2261 504 2336 (luam
528 2260 686 2326 immerito
710 2259 794 2352 enim
818 2257 940 2325 Victori
971 2260 1109 2323 tributus
1140 2259 1195 2322 ille
1228 2259 1308 2323 liber

137 2369 189 2452 sit,
214 2368 274 2433 hoc
296 2388 361 2432 uno
385 2374 573 2452 argumento
597 2368 785 2444 declaratur,
811 2367 896 2448 quod
919 2368 1031 2430 auctor
1054 2369 1162 2430 noster
1184 2367 1219 2428 in
1241 2366 1307 2429 vita

76 2462 78 2466 ¹
136 2475 277 2559 Augusti
300 2474 502 2539 describenda
517 2475 639 2562 Victori
655 2495 783 2559 prorsus
798 2476 967 2558 repugnat.
1006 2470 1207 2555 Scripserunt
1222 2472 1307 2535 enim

137 2581 233 2646 haec:

214 2704 306 2758 Aurei.
330 2705 396 2758 Via.
415 2704 446 2759 dc
466 2707 539 2759 Coos.
558 2704 582 2757 1.
601 2706 626 2758 7.
731 2664 733 2670 Ι
872 2707 941 2755 auct.
962 2701 1059 2756 denir.
1077 2702 1114 2755 all.
1135 2705 1177 2779 79.

173 2792 240 2847 felix
271 2792 338 2848 adeo
371 2822 399 2831 -
435 2798 465 2844 ut
483 2793 557 2859 Indi,
577 2790 703 2860 Scythae,
775 2790 843 2858 Indi,
854 2789 979 2859 Scythae,
994 2789 1144 2855 Sarmatae,
1154 2791 1232 2859 Daoi,
1242 2808 1309 2860 quos

137 2883 319 2936 Garamantes
342 2897 375 2936 ac
398 2880 503 2935 Bactri*
516 2881 620 2948 legatos
643 2881 702 2934 mit·
740 2896 795 2935 non
813 2879 968 2945 domuerat,
988 2879 1059 2933 dona
1077 2880 1226 2948 miserunt3
1250 2881 1307 2949 cfr.

136 2978 226 3027 terent
245 3002 278 3010 «-
549 2985 551 2991 ·
740 2970 822 3038 Amp.
840 2973 885 3038 47,
905 2973 938 3037 7,·
956 2970 1036 3023 Flor.
1056 2970 1097 3022 ΙΙ.
1115 2973 1159 3025 33.

226 3079 302 3154 Quis
324 3082 433 3143 tamen
457 3083 567 3142 auctor
590 3078 664 3142 libri
687 3079 725 3143 de
749 3079 806 3143 vir.
830 3079 875 3142 ill.
899 3079 988 3142 urbis
1005 3077 1126 3144 Romae
1143 3079 1309 3144 habendus

135 3187 186 3265 sit,
211 3186 393 3251 coniectura
416 3185 567 3270 augurari
589 3186 737 3248 nolumus
760 3188 793 3249 et
815 3185 892 3248 satis
922 3183 1088 3248 habemus*
1104 3185 1145 3250 de
1176 3187 1308 3260 ratione,
1336 3185 1338 3196 ¹

138 3316 200 3377 qua
222 3293 355 3377 Nepotis
387 3292 475 3355 libris
502 3292 642 3356 incertus
672 3292 726 3355 ille
749 3294 865 3374 ¹auctor
900 3294 933 3355 et
956 3290 1120 3389 Ampelius
1150 3293 1199 3355 usi
1232 3293 1307 3371 sint,
1408 3348 1411 3364 ,

136 3402 327 3480 sententiam
353 3399 451 3463 ferre:
476 3399 579 3464 Unius
602 3399 701 3484 igitur
724 3397 826 3462 Attici
849 3397 916 3476 vita
939 3419 979 3461 ex
1002 3397 1148 3462 omuibus
1172 3397 1308 3464 Cornelii

136 3508 272 3593 Nepotis
296 3507 443 3590 operibus
466 3506 592 3591 integra
614 3509 745 3570 servata
763 3506 802 3569 ad
829 3509 971 3569 nostram
1001 3487 1137 3570 aetatem
1171 3506 1309 3571 evasisse
1345 3488 1350 3499 ’

136 3596 269 3694 videtur,
295 3637 366 3679 cunr
389 3616 511 3678 ceterae
535 3613 620 3677 vitae
643 3613 706 3677 aut'
721 3612 812 3677 nobis
835 3612 990 3696 perierint
1012 3615 1070 3676 aut
1092 3613 1133 3676 ab
1153 3612 1308 3698 epitoma·
1343 3607 1345 3619 ⁴

136 3724 257 3788 toribus
281 3723 315 3784 in
339 3727 511 3806 angustum
534 3724 661 3784 coactae
684 3720 758 3784 sint.
806 3718 873 3784 Nec
903 3721 1010 3784 noster
1039 3719 1166 3801 quidem
1199 3723 1309 3784 auctor

135 3831 234 3916 ipsius
256 3828 390 3912 Nepotis
412 3828 500 3891 libris
525 3849 598 3890 usus
621 3831 682 3906 est,
715 3828 770 3891 sed
797 3827 935 3911 epitome
966 3825 1176 3906 Corneliana,
1212 3849 1307 3910 quam

66 3974 70 3980 ·
136 3941 246 4022 postea
269 3936 435 4019 aliquanto
460 3939 492 3999 et
514 3936 612 3999 illum·
630 3935 817 4027 excerpsisse
850 3933 1003 4011 arbitror,
1038 3933 1089 3997 cui
1121 3936 1154 4018 et
1178 3931 1308 3997 Catonis

137 4050 169 4109 et
193 4044 414 4108 excellentium
439 4037 553 4107 ducum
570 4045 749 4122 exterarum
765 4041 910 4133 gentium
927 4041 1011 4105 vitae
1027 4040 1190 4105 debentur.
1221 4040 1309 4104 Han-

137 4151 251 4233 nibalis
284 4153 391 4214 autem
423 4150 523 4213 vitam
555 4150 640 4213 illius
671 4147 889 4232 epitomatoris
920 4146 1117 4230 temporibus
1131 4196 1134 4202 .
1149 4169 1213 4210 non
1244 4148 1306 4211 iarn

137 4257 293 4323 exstitisse
321 4259 353 4321 et
383 4258 429 4320 ita
461 4257 598 4321 alienam
633 4254 832 4340 suppositam
869 4276 934 4319 9999
972 4277 1068 4338 supra
1104 4255 1306 4333 ostendimus,

136 4387 240 4448 neque
273 4362 377 4427 minus
411 4364 579 4429 verisimile
612 4367 659 4428 est
696 4366 823 4448 praeter
853 4362 1046 4428 Hannibalis
1088 4363 1189 4427 vitam
1229 4363 1308 4427 alias
