2948 5182
639 239 855 305 ..27-

162 433 304 512 omissos,
344 434 428 518 quod
462 455 527 497 uno
560 434 815 518 praecedentium
851 437 990 522 capitum
1026 435 1144 507 bellum
1178 433 1330 499 Dacicum

100 624 103 630 Δ
162 541 333 624 separatim
356 544 552 624 exposuerat.
611 598 612 603 ,
673 608 674 611 ,
950 524 952 529 ’
1153 528 1156 535 ’

252 644 330 712 Cum
361 647 462 733 igitur
489 647 618 713 Florum
635 653 675 712 -et
699 653 857 714 auctorem
885 650 923 713 de
951 649 1006 715 vir.
1028 650 1073 715 ill.
1097 649 1219 712 duobus
1244 669 1328 711 coru-

141 753 312 831 ,munibus
336 753 484 831 fontibus,
509 753 591 817 Livii
608 754 776 827 annalibus
800 759 833 818 et
855 756 984 819 alterius
1005 757 1166 839 scriptoris
1186 755 1268 819 libro
1292 753 1329 818 de

142 851 221 924 '‘vir.
256 860 320 940 ill,
358 863 395 924 ut
427 861 555 943 opinor,
601 861 777 944 composito
810 882 876 925 esse
910 883 982 925 usos
1014 865 1165 945 appareat
1195 865 1227 925 et
1256 860 1330 923 hine

163 969 338 1059 multorum
361 967 499 1031 auctoris
522 968 622 1030 nostri
648 969 788 1032 locorum
819 972 1008 1032 concentum
1036 990 1107 1031 cum
1130 967 1225 1031 Floro
1255 986 1329 1049 pro·
1436 1026 1441 1035 ,

164 1073 276 1152 ficisci,
312 1073 351 1137 ad
390 1078 565 1162 extremum
597 1075 731 1157 denique
766 1075 943 1158 quaeritur,
974 1081 1051 1139 num
1074 1076 1186 1139 auctor
1213 1074 1329 1148 noster,

158 1180 246 1245 'sicut
275 1184 308 1245 et
340 1179 465 1245 Livium
496 1185 528 1262 et
556 1181 639 1246 Livii
671 1181 775 1246 fontes
806 1165 978 1267 excerpsit,
1011 1181 1058 1246 ita
1089 1184 1214 1266 praeter
1244 1177 1330 1242 Flori

164 1286 268 1351 fontes
290 1287 421 1351 Florum
443 1289 546 1373 ipsum
578 1289 700 1353 adierit.
758 1288 859 1364 Quam
890 1290 1104 1372 quaestionem
1129 1286 1208 1352 'curn
1241 1285 1329 1369 equi·

164 1394 235 1458 'dem
258 1378 426 1460 dissolvere
464 1417 529 1459 non
557 1395 704 1474 audeam,
737 1398 844 1460 tamen
884 1396 968 1460 haud
991 1396 1102 1479 plura,
1135 1415 1230 1478 quam
1253 1394 1330 1457 haec

165 1499 229 1562 tria
266 1501 385 1585 capita:
434 1503 497 1578 54,
531 1502 591 1580 84,
623 1502 664 1565 85
701 1502 741 1567 ad
771 1484 860 1566 'Fieri
898 1503 1120 1587 auctoritatem
1152 1523 1219 1566 esse
1248 1499 1329 1564 refe·

163 1607 263 1671 nenda
278 1629 396 1686 cense0,
421 1630 612 1692 quamquam
628 1607 705 1672 haee
721 1608 789 1693 ipsa
811 1611 921 1674 eodem
942 1609 1008 1675 fere
1030 1611 1097 1675 iure
1119 1608 1167 1672 illi
1183 1607 1331 1692 abrogari

164 1717 307 1797 possunt.
418 1769 421 1772 1

589 1895 905 1904 *—

605 2060 786 2143 CAPUT
807 2064 891 2144 VI.

428 2218 445 2268 ³
493 2228 552 2293 ou
575 2226 793 2296 ooaunmo
817 2229 1000 2297 Neroua.

84 2386 86 2393 ’
216 2444 218 2449 ,
254 2370 293 2435 In
314 2369 396 2434 libro
412 2370 449 2433 de
472 2372 696 2437 excellentibus
711 2372 841 2437 ducibus
865 2377 1044 2438 exterarum
1058 2374 1212 2458 gentium,
1236 2395 1331 2457 quem

165 2478 220 2543 alii
247 2477 392 2541 'Aemilio
424 2476 536 2557 Probo,
570 2479 624 2544 alii
654 2500 782 2562 prorsus
813 2480 927 2544 merito
958 2478 1103 2544 Cornelio
1127 2479 1245 2564 Nepoti
1275 2479 1330 2543 ad·
1382 2483 1384 2487 ’

165 2584 322 2663 dixerunt,
354 2584 446 2648 multi
475 2585 537 2650 loci
565 2586 780 2663 inveniuntur,
813 2587 867 2670 qui
881 2618 885 2622 ·
898 2587 1033 2673 singulis
1066 2587 1204 2671 Ampelii
1227 2586 1331 2650 verbis

164 2695 310 2758 accurate
342 2693 563 2775 respondeant.
618 2692 702 2768 Quos
733 2694 891 2780 Riacttus
920 2694 1106 2780 (prolegom.
1142 2694 1182 2758 ad
1218 2694 1330 2758 Aemil.

167 2798 260 2864 Probi
284 2797 346 2862 edt.
372 2796 405 2862 C.
429 2798 464 2864 L.
481 2799 618 2863 Rotbius
641 2823 672 2884 p.
700 2799 754 2882 13)
771 2801 919 2889 collegit,
932 2805 1027 2884 atque
1051 2823 1123 2866 eum
1143 2801 1332 2867 faraman

166 2905 334 2989 (dissertat.
364 2905 402 2969 de
431 2905 555 2990 Ampel.
582 2906 614 2987 7)
642 2909 675 2970 et
700 2907 817 2973 Bectio
848 2908 894 2991 (in
917 2907 1045 2974 edition.
1070 2907 1196 2994 Ampel.
1221 2930 1252 2991 p.
1278 2906 1332 2988 75)
1364 2978 1367 2984 Δ

169 3013 209 3077 ab
224 3011 372 3096 Ampelio
389 3012 469 3076 vitas
491 3012 561 3076 illas
581 3013 754 3097 exscriptas
770 3036 836 3109 esse
859 3015 988 3082 censuit.
1026 3015 1127 3091 Quam
1142 3014 1331 3078 sententiam
1432 3088 1434 3092 Α

173 3118 386 3201 Woelfflipics
408 3128 533 3202 quoque
549 3120 712 3205 amplexus
732 3123 780 3184 est
801 3121 857 3201 ita,
883 3125 919 3184 ut
935 3142 1003 3204 cap.
1020 3119 1107 3198 XIV,
1123 3121 1192 3198 XV,
1210 3120 1333 3185 XXXII

108 3225 113 3232 ’
168 3224 304 3310 Ampelii
336 3247 374 3288 ex
402 3224 526 3310 Nepote
554 3227 679 3291 fluxisse
707 3229 862 3292 statueret
885 3228 1048 3306 dubitans,
1072 3250 1113 3291 an
1141 3227 1203 3292 alia
1226 3225 1333 3312 capita
1436 3284 1438 3288 ,

167 3333 207 3398 ad
230 3333 572 3417 eundemscriptorem
601 3334 797 3417 pertinerent
821 3333 976 3418 (Woelffl.
1013 3334 1051 3397 de
1083 3332 1223 3418 Ampelii
1252 3334 1332 3397 libro

168 3441 343 3526 memoriali
376 3462 428 3523 qu.
461 3441 530 3506 crit.
563 3445 596 3506 et
623 3443 697 3508 bist.
728 3465 759 3526 p.
785 3442 851 3526 42).
898 3441 967 3505 Hac
990 3441 1058 3524 ipsa
1081 3463 1124 3519 re,
1148 3441 1332 3524 priusquam

168 3551 426 3633 argumentorum
450 3553 612 3614 momenta
643 3549 722 3614 mihi
753 3550 787 3613 in
818 3551 969 3634 promptu
999 3548 1143 3627 fuerunt,
1179 3548 1333 3612 adductus

168 3678 246 3733 sum,
271 3658 307 3718 ut
329 3655 509 3739 Ampelium
532 3657 613 3722 sicut
636 3661 815 3721 exterarum
838 3655 990 3746 gentium,
1005 3655 1139 3733 ducum,
1152 3655 1199 3718 ita
1216 3652 1350 3734 Roma·¹

167 3783 281 3841 norum
294 3784 420 3845 'quoque
435 3759 666 3848 imperatorum
679 3764 759 3828 vitas
775 3787 792 3828 e
807 3760 952 3827 Cornelio
964 3760 1090 3845 Nepote
1106 3761 1333 3845 deprompsisse

169 3869 349 3948 arbitrarer,
374 3890 444 3932 cum
460 3869 644 3954 intellegere
659 3891 723 3934 non
740 3890 875 3953 possem,
900 3867 1004 3933 curin
1021 3867 1098 3951 ipsis
1113 3868 1332 3932 Romanorum
1358 3951 1359 3954 Ἴ
1420 3895 1424 3905 ·

168 3975 242 4040 vitis
265 3975 426 4060 Ampelius
450 3975 617 4061 a-Nepote‚
642 3998 735 4060 quern
757 3977 905 4053 virorum,
929 3975 1102 4040 illustrium
1118 3976 1333 4039 Romanorum

168 4083 250 4146 vitas
264 4083 426 4166 scripsisse
446 4082 530 4147 inter
545 4105 654 4148 omnes
670 4078 804 4162 constat,
828 4084 923 4167 plane
944 4082 1131 4162 discederet,
1154 4083 1200 4147 ita
1215 4086 1332 4161 tamen,

169 4195 205 4252 ut
235 4189 269 4253 in
303 4189 541 4272 insequentibus
569 4189 726 4273 capitibus
753 4189 869 4254 iterum
898 4190 989 4254 illum
1016 4188 1057 4253 ad
1080 4188 1215 4272 Nepotis
1238 4187 1334 4252 libros

161 4295 320 4382 refugisse
358 4299 521 4380 appareat.
575 4296 658 4373 Quid
696 4299 825 4363 autern?
874 4294 962 4362 Num
992 4297 1174 4382 Ampelium
1206 4295 1333 4381 singula
