2948 5182
626 231 839 293 ..33-

239 419 409 489 Nissenius
445 425 585 507 (quaest.
616 421 687 491 crit.
720 424 757 488 de
792 423 874 488 font.
906 423 1015 509 delrad.
1044 425 1100 490 lV.
1133 429 1166 490 et
1188 425 1227 491 V.
1251 426 1323 491 Liv.

147 530 253 594 annal.
279 552 311 614 p.
338 526 416 613 215)
439 530 474 594 in
497 553 534 595 eo
558 552 678 594 errasse
701 530 834 609 videtur,
860 534 945 616 quod
967 533 1032 611 illa,
1058 555 1138 617 quae
1154 532 1239 617 apud
1255 532 1320 598 Va-

146 635 260 700 lerium
290 636 466 701 Maximum
497 636 567 718 (IV.
595 642 626 715 l,
653 636 686 717 8)
718 638 756 701 de
788 638 1015 704 intercessione
1032 639 1107 704 'Tib
1142 639 1319 725 Sempronii

146 741 283 807 Gracchi
306 765 363 829 pro
385 742 420 808 L.
446 742 591 808 Cornelio
620 742 767 828 Scipione
797 737 939 810 Asiatico
967 746 1053 810 facta
1080 737 1247 832 leguntur,
1279 748 1319 812 ed

146 849 273 914 Livium
281 852 414 915 rettulit.
431 849 551 916 Valerii
562 853 648 916 enim
660 852 755 917 verba
767 851 863 936 plane
873 874 944 916 cum
957 852 1061 918 Gellio
1073 851 1118 936 (n.
1128 854 1167 918 A.
1176 853 1247 917 VII.
1263 852 1320 939 19)

147 961 344 1035 consonant,
369 969 463 1043 quem
487 955 721 1035 Merclrlinius¹)
746 981 783 1022 ex
806 958 932 1043 Nepote
955 970 1021 1024 'sua
1048 961 1236 1044 excerpsisse
1263 960 1320 1025 do·

147 1063 223 1128 cuit.
268 1064 418 1150 Legimus
440 1070 548 1129 autem
571 1066 663 1129 haec:

223 1188 300 1257 apud
323 1188 381 1242 rat.
402 1188 480 1242 Mac.
500 1189 550 1242 IV.
571 1193 595 1241 1.
616 1192 641 1242 8.
858 1190 933 1258 cpird
951 1167 1068 1244 Gelliam
1085 1191 1147 1243 VII.
1167 1193 1212 1244 19.

183 1296 219 1346 At
236 1293 260 1347 is
279 1294 394 1362 primum
417 1283 566 1362 iuravitse
585 1298 645 1348 curn
658 1294 714 1348 Sci·
786 1296 886 1366 iurarit
905 1297 996 1366 palam
1016 1312 1044 1351 se
1063 1312 1123 1350 cum
1141 1298 1170 1350 P.
1190 1294 1319 1350 Africano

146 1383 273 1453 pionibus
302 1385 329 1437 in
361 1386 492 1452 qratiam>
507 1401 563 1439 eoa
595 1385 712 1440 rediisse.
752 1385 778 1438 iu
797 1385 947 1439 amicitiam
967 1384 1047 1454 inque
1066 1387 1185 1455 gratiam
1203 1402 1256 1439 non
1275 1401 1317 1439 re·

147 1472 251 1528 Deinde
269 1473 325 1528 tale
338 1473 476 1528 decretum
488 1474 628 1529 recitavit:
648 1474 713 1528 Cum
749 1473 830 1528 diisse
850 1481 932 1541 atque
951 1475 991 1528 ita
1010 1476 1148 1530 decretum
1168 1491 1202 1529 ex
1220 1475 1316 1529 tabula
1367 1530 1369 1536 Α
1407 1491 1410 1494 ⁴

147 1563 181 1615 L.
202 1561 341 1616 Cornelius
360 1560 449 1631 Scipio
468 1560 511 1615 die
524 1563 653 1638 triumphi
672 1565 713 1620 sui
749 1562 890 1628 recitavit;
914 1564 991 1617 cuius
1015 1564 1117 1631 decreti
1132 1564 1226 1637 'verba
1250 1564 1319 1618 haec

146 1652 214 1704 ante
232 1666 340 1704 currum
359 1657 433 1704 actos
452 1652 568 1705 boetiam
586 1652 665 1706 dacae
683 1655 714 1707 ia
750 1658 826 1706 sunt:
847 1653 912 1706 Cum
931 1652 963 1706 L.
977 1646 1224 1720 Cornelius'Scipio
1240 1652 1319 1706 Asia·

147 1754 277 1794 carcerem
317 1741 466 1807 coniecerit,
506 1741 657 1809 iudicatae¹
686 1747 714 1794 et
750 1741 820 1794 ticus
839 1741 1011 1809 triumphans
1035 1742 1156 1795 hostium
1182 1741 1264 1795 duces
1290 1743 1319 1795 in

147 1830 265 1884 alaeam
291 1828 444 1883 maiestatis
476 1829 570 1897 populi
597 1829 713 1884 Romani
750 1830 1319 1896 carceremconiectaverit,alienumvide·

146 1918 231 1974 cidari
248 1918 341 1973 ecdem
359 1918 446 1986 ipsum
468 1917 542 1984 duci,
571 1918 664 1985 itaque
684 1917 712 1972 id
750 1925 794 1971 tur
807 1934 867 1973 esse
880 1918 1012 1985 dignitate
1030 1920 1203 1989 reipublicae,
1217 1920 1245 1972 in
1258 1937 1319 1975 eum

147 2023 201 2060 non
219 2023 365 2075 passurum
383 2006 451 2062 fieri.
749 2003 837 2060 locum
865 2007 1060 2075 imperatorem
1083 2009 1177 2078 populi
1201 2009 1318 2063 Romani

749 2095 829 2164 duci„
847 2096 876 2150 in
895 2113 973 2164 quem
991 2097 1080 2152 locum
1100 2099 1134 2153 ab
1153 2114 1185 2154 eo
1205 2098 1319 2153 coniecti

749 2191 813 2239 sunt
832 2184 914 2240 duces
934 2186 1062 2240 hostium.
1099 2187 1195 2254 Itaque
1207 2188 1237 2240 L.
1254 2187 1317 2241 Cor-

749 2274 849 2329 nelium
876 2275 1033 2344 Scipionem,
1054 2277 1204 2330 Asiaticum
1224 2292 1241 2330 a
1265 2278 1319 2331 col·

749 2363 825 2431 legae
844 2365 870 2417 vi
888 2365 1028 2432 prohibeo.

146 2472 211 2539 Ofr.
243 2474 365 2557 Ampel.
398 2471 484 2535 XIX.
515 2474 535 2534 3
565 2493 631 2535 non
663 2475 710 2535 est
742 2492 851 2554 passus
883 2495 901 2536 a
932 2454 1069 2537 tribunis
1101 2474 1135 2536 in
1163 2496 1315 2539 carcerem

146 2581 228 2659 duci,
253 2580 337 2664 quod
360 2578 477 2643 diceret
499 2577 589 2644 nefas
612 2577 655 2641 ibi
685 2598 749 2641 esse
773 2576 966 2663 Scipionem,
998 2580 1053 2644 ubi
1081 2583 1198 2661 captivi
1230 2582 1318 2647 illias

146 2686 251 2752 adhuc
287 2686 405 2771 illigati
445 2689 640 2750 tenerentur.
699 2683 892 2759 Quibuscum
924 2670 1033 2750 Livius
1062 2686 1243 2755 XXXVlIl.
1277 2691 1316 2754 57
1370 2683 1371 2687 ¹

145 2816 274 2879 prorsus
291 2794 457 2876 discrepat,
474 2813 537 2875 quo
553 2791 762 2856 auctore'l'ib.
776 2789 980 2875 Sempronius
997 2792 1157 2858 Gracchus
1176 2798 1315 2880 negavit,
1364 2831 1366 2834 ·
1408 2809 1411 2812 ’

144 2901 179 2964 in
203 2888 297 2984 quein
321 2920 478 2964 carcerem
501 2919 591 2984 reges
613 2901 647 2962 et
668 2898 875 2981 imperatores
902 2899 1042 2963 hostium
1071 2889 1239 2967 ducentem
1269 2904 1317 2967 vi·
1432 2936 1435 2941 ·

146 3006 244 3071 disset
278 3007 316 3071 P.
341 3005 550 3088 Africanam,
591 3004 625 3068 in
658 3025 729 3067 eum
761 3025 794 3069 se
831 2999 966 3086 fratrem
999 2998 1069 3072 eius
1099 3008 1172 3072 duci
1210 3032 1318 3093 passu-

145 3137 226 3179 rum.
252 3152 292 3160 —
317 3113 454 3178 Facilius
476 3100 576 3197 igitur
599 3116 632 3176 et
654 3113 792 3176 alterum
816 3111 936 3176 Valerii
965 3114 1083 3193 locum,
1120 3117 1244 3199 quode
1268 3117 1317 3182 die
1348 3178 1355 3187 ,

146 3222 181 3287 Ρ.
206 3213 347 3306 Scipioni
367 3219 519 3285 Africano
543 3219 620 3305 agit,
638 3219 746 3299 ,eidem
762 3217 881 3303 Nepoti
904 3219 1010 3284 deberi
1034 3223 1317 3305 comprobabimus,

147 3351 339 3412 quamquam
365 3328 451 3391 hunc
480 3329 584 3410 ipsum
608 3349 646 3391 ex
670 3325 761 3392 Livio
788 3328 983 3392 translatum
1010 3327 1175 3394 Nissenius
1202 3335 1316 3396 censet.

148 3436 242 3519 Apud
264 3434 429 3500 Valerium
452 3432 524 3517 (HI.
550 3434 580 3521 7,
606 3432 638 3515 1)
662 3434 747 3498 enim
771 3434 906 3520 legimus
930 3433 1088 3500 aNaevio
1110 3438 1170 3513 vel,
1195 3441 1231 3500 ut
1247 3438 1317 3522 qui·

146 3545 219 3607 dam
242 3544 428 3620 memorent,
452 3563 471 3605 a
494 3541 617 3604 duobus
640 3540 774 3605 Petilliis
800 3540 950 3605 Africano
977 3542 1063 3607 diem
1093 3543 1210 3608 dictam
1234 3567 1316 3620 esse3
1342 3546 1346 3551 ’

147 3672 249 3734 neque
271 3651 380 3713 tamen
406 3649 645 3731 insequentibus
673 3648 776 3712 verbis
805 3647 1006 3733 Petilliorum
1034 3651 1100 3714 ulla
1123 3651 1249 3715 mentio¹
1270 3653 1317 3727 fit,

146 3757 200 3822 sed
224 3759 261 3822 de
284 3777 350 3820 uno
373 3756 503 3820 tribuno
526 3755 628 3840 plebis.
651 3756 700 3818 vel
723 3758 903 3820 accusatore
926 3753 1080 3838 Scipionis
1103 3758 1218 3842 agitur.
1249 3757 1318 3833 Qua

146 3887 179 3928 re
202 3851 352 3929 Valerius
372 3863 489 3927 iterum
512 3884 584 3926 cum
607 3859 711 3926 Gellio
735 3860 804 3945 (IV.
837 3861 891 3943 18)
922 3863 1086 3947 congruit,
1121 3864 1176 3947 qui
1208 3865 1318 3949 ipsea

147 3970 270 4041 Naevio
287 3969 473 4061 Africanum
495 3992 586 4035 reum
608 3967 727 4034 factum
749 3990 815 4034 esse
837 3969 972 4034 tradidit
995 3974 1027 4035 et
1051 3970 1137 4034 cuius
1161 3971 1264 4048 verba,
1282 3976 1319 4035 ut

149 4133 266 4140 ——..-—
269 4134 346 4140 ..........
347 4135 360 4141 -

222 4221 242 4288 ι)
261 4220 313 4274 oie
333 4218 524 4273 crtrrmetnoee
544 4217 599 4271 une
618 4217 887 4286 Quellenbenutzung
907 4217 954 4273 ees
967 4220 998 4271 a.
1013 4218 1117 4273 certius
1135 4176 1162 4270 in
1182 4218 1232 4272 een
1245 4225 1317 4272 noct.
1406 4276 1410 4285 ,

146 4311 228 4366 Attic.
248 4309 342 4364 Jahn's
361 4307 456 4363 Jahrb.
476 4311 553 4364 1860.
571 4309 619 4362 IlI.
639 4306 837 4378 sappum-Bo.
856 4323 883 4374 p.
902 4309 963 4362 668,

1142 4399 1158 4449 3
