2948 5182
483 206 754 326 ⁴-1r-

190 459 261 509 auct.
281 454 312 509 de
329 456 378 508 uir.
396 455 436 509 a'll.
455 458 506 509 20:
791 455 875 509 Flor.
893 454 917 508 I.
935 457 976 508 17.
995 455 1031 520 (I.
1049 457 1108 518 26.)

30 562 34 568 ·
95 538 626 612 -quarumplebeiacumsororemsalu·
699 573 734 581 -
758 559 827 612 quae
858 543 972 611 quodam
999 548 1133 611 tempore,
1161 543 1232 611 quod

59 636 140 699 taret,
160 635 235 687 ouius
253 632 424 686 virtribunus
435 632 552 686 militum
566 646 626 685 con·
662 631 784 687 lictoriae
807 632 899 698 virgae
927 646 1021 686 sonum
1045 632 1164 699 ignotum
1188 647 1232 700 pe

59 720 146 775 sulari
164 720 302 789 potestate
320 728 388 788 crat,
406 720 495 776 fasces
506 720 628 774 lictorios
663 721 770 775 natibus
788 721 844 775 suis
855 726 1010 788 expaverat,
1023 736 1041 775 a
1053 736 1145 776 sorore
1164 721 1231 775 satis

60 808 163 863 foribus
183 813 318 878 appositos
332 811 450 880 expavit.
470 809 629 864 indecenter
664 808 812 864 insolenter
831 809 912 865 irrisa
933 839 964 848 -

61 915 79 952 a
97 913 188 953 sorore
206 900 286 953 irrisa
303 931 338 938 -

143 986 148 992 ’
190 995 260 1043 caet.
279 989 310 1044 de
328 989 376 1042 uir.
395 989 433 1042 itt.
454 993 498 1042 23.
833 989 914 1042 Far.
933 988 956 1040 1.
975 991 1000 1040 7.
1020 991 1053 1040 14

19 1146 22 1151 ι
97 1107 131 1116 -
150 1077 329 1132 nobilissimos
347 1093 440 1131 senum
453 1077 481 1129 in
493 1075 629 1130 curulibus
699 1075 737 1130 ibi
755 1075 881 1157 sedentes
897 1075 925 1129 in
938 1075 1076 1130 curulibus
1089 1075 1144 1128 suis
1157 1090 1233 1143 prac-

62 1172 90 1221 et
107 1166 239 1220 honorum
257 1166 407 1235 insignibus
419 1166 505 1233 primo
521 1170 551 1216 ut
564 1163 628 1218 deos
663 1170 782 1219 tentatos
800 1181 879 1220 senes
898 1165 973 1220 velut
998 1165 1062 1220 deos
1086 1165 1234 1234 geniosque

61 1256 191 1323 venerati,
212 1255 307 1310 deinde
319 1261 349 1309 ut
361 1255 483 1309 homines
496 1253 629 1320 despicati
664 1256 792 1321 venerati,
810 1269 872 1308 mox
890 1246 998 1309 eosdem
1016 1259 1159 1323 postquam
1173 1269 1232 1309 esse

39 1333 40 1338 ἵ
63 1345 234 1400 interfecere.
665 1342 786 1396 homines
809 1343 930 1410 liquebat
954 1343 1073 1398 adlocuti
1098 1343 1167 1398 nihil
1191 1359 1233 1397 re·

664 1432 796 1501 spondere
827 1432 970 1500 dignantes
998 1433 1059 1502 pari
1091 1431 1233 1487 vaecordia

338 1543 339 1546 ¹
664 1526 793 1575 manunt.
997 1564 999 1569 ,

193 1610 497 1665 tortormentis.
824 1611 906 1665 Flor.
925 1612 948 1665 Ι.
968 1615 1015 1665 22.
1034 1614 1078 1664 28.
1176 1642 1180 1651 -

99 1700 278 1755 Hannibalem
298 1713 372 1752 mora
389 1696 478 1766 fregit.
700 1699 739 1751 sic
756 1699 902 1753 maceravit
921 1697 1110 1765 Hannibalern,
1130 1703 1168 1766 ut,
1188 1699 1234 1766 qui

665 1786 752 1855 frangi
762 1787 860 1841 virtute
879 1803 932 1841 non
946 1794 1063 1855 poterat,
1076 1802 1152 1842 mora
1164 1803 1233 1842 com·

666 1877 841 1931 minueretur.
900 1862 908 1885 ¹

188 1966 500 2029 ·0001.11001“1.0’11.,54.
835 1966 914 2019 Flet.
934 1966 957 2019 1.
977 1970 1022 2019 24.
1042 1970 1066 2019 6.

100 2056 184 2110 nimia
202 2071 282 2122 opum
302 2053 401 2108 fiducia
418 2054 519 2108 bellum
532 2054 630 2108 Roma·
702 2054 756 2109 suis
775 2053 870 2121 opibus
889 2060 916 2108 et
934 2055 1042 2108 nomine
1061 2055 1136 2123 regio
1149 2053 1235 2110 fretus

64 2146 108 2200 uis
126 2145 225 2211 intulit,
245 2144 334 2212 specie
343 2142 535 2212 Lysimachiae
554 2159 630 2211 repe·
667 2144 734 2197 satis
752 2143 848 2198 habuit
866 2142 968 2207 bellum
987 2157 1095 2198 movere
1110 2174 1143 2182 —
1157 2145 1235 2215 Lysi-

63 2235 174 2302 tentae,
203 2249 283 2301 quarn
309 2249 325 2286 a
350 2232 496 2288 maioribus
523 2233 579 2286 suis
603 2233 631 2285 in
666 2232 801 2286 machiam
826 2234 921 2286 urbem
947 2233 974 2285 iu
1000 2232 1080 2287 litore
1104 2233 1236 2290 Thracica

64 2321 630 2389 ThraciaconditamRomanipossidebant;
667 2321 782 2398 positam
802 2336 819 2374 a
837 2321 983 2377 maioribus
1009 2322 1065 2375 suis
1084 2323 1233 2378 Antiochus

65 2414 210 2481 statimque
234 2411 374 2465 Graeciam
396 2410 550 2476 insulasque
574 2411 631 2465 eius
667 2417 696 2465 ut
715 2408 877 2464 hereditario
896 2410 953 2463 iure
979 2411 1121 2477 repetebat
1139 2443 1174 2450 —
1193 2427 1237 2465 oc·

65 2502 214 2570 occupavit.
250 2500 282 2552 In
299 2499 412 2554 Euboea
431 2498 540 2552 luxuria
558 2498 632 2553 elan·
668 2499 771 2566 cupatis
802 2498 894 2553 statim
924 2499 1022 2553 insulis
1053 2499 1236 2570 Graeciaeque

65 2593 132 2661 guis,
666 2588 792 2642 litoribus
816 2588 872 2642 otia
892 2593 919 2642 et
933 2587 1023 2647 ,luxus
1048 2590 1125 2656 quasi
1151 2591 1236 2646 victor

668 2677 799 2744 agitabat.
836 2676 976 2731 Euboeam
995 2677 1109 2731 insulam
1130 2684 1178 2732 etc.
1200 2746 1202 2750 Ι

193 2759 440 2821 0001000001.
460 2771 502 2820 77.
835 2764 930 2822 'Fica
949 2767 990 2822 ΙΙ.
1010 2770 1049 2820 11.
1119 2766 1122 2771 ’

101 2855 233 2924 Lepidum
265 2861 327 2909 acta
354 2852 448 2909 Sullae
479 2854 631 2909 rescindere
703 2855 866 2922 —Lepidus
876 2861 940 2910 acta
950 2857 1237 2911 tantivirirescindere

66 2944 200 2996 volentem
219 2944 340 3012 privatus
358 2944 441 2998 Italia
459 2941 572 3012 fugavit.
669 2945 793 3013 parabat.
1225 2935 1231 2938 ’

156 3053 278 3118 Deinde
300 3056 427 3137 praeter
449 3036 609 3118 auctorem
631 3055 669 3118 de
693 3053 750 3118 vir.
776 3053 820 3116 ill.
844 3047 929 3117 solus
953 3051 1063 3118 Florus
1093 3056 1239 3120 narravit

10 3150 17 3159 ¹
66 3161 102 3224 in
129 3160 248 3243 proelio
277 3161 361 3243 apud
385 3158 501 3244 Regilli
534 3159 636 3224 laeum
665 3160 828 3224 commisso
863 3159 1053 3245 magistrum
1095 3163 1239 3245 equitum

66 3267 175 3331 frenos
199 3266 286 3349 equis
309 3265 431 3331 detrahi
460 3266 582 3330 iussisse
611 3265 708 3352 (auct.
738 3267 767 3329 d.
793 3291 823 3331 v.
851 3268 869 3329 i.
897 3266 1113 3332 16·—F10r.
1138 3267 1163 3335 Ι.
1190 3267 1235 3356 5),

67 3373 223 3439 Manlium
240 3370 456 3456 Capitolinum
481 3378 640 3438 auotorcm
657 3373 859 3458 confugiendi
882 3373 917 3437 in
934 3371 1125 3457 Capitolium
1144 3375 1241 3441 fuisse

68 3483 164 3560 (auct.
187 3480 216 3544 d.
240 3503 269 3542 v.
294 3480 315 3546 i.
342 3482 384 3545 24
410 3517 446 3524 -
475 3479 558 3543 Flor.
583 3479 608 3545 I.
635 3481 676 3559 7),
702 3503 720 3542 a
743 3479 836 3544 Curio
860 3486 892 3544 ei
907 3479 1053 3546 Fabricio
1081 3480 1240 3566 Pyrrhum

69 3588 154 3672 apud
177 3586 332 3651 Asculum
354 3587 472 3650 vietum
496 3608 560 3651 esse
584 3586 681 3673 (auct.
705 3587 734 3651 d.
759 3611 788 3651 v.
813 3587 833 3650 i.
859 3588 1061 3653 35—F10r.
1086 3590 1112 3653 Ι.
1128 3592 1167 3654 13
1184 3591 1239 3656 cfr.

69 3695 194 3778 Ampel.
218 3695 270 3774 28,
296 3695 340 3777 3),
363 3693 501 3757 Atilium
525 3692 704 3758 Calatinum
728 3692 915 3778 Drepanum
935 3699 968 3759 et
984 3696 1169 3780 Lilybaeum
1186 3719 1239 3760 ax-

69 3810 227 3886 pugnass'e
255 3800 351 3884 (auct.
381 3800 409 3865 d.
439 3823 467 3863 v.
494 3801 514 3864 i.
539 3801 584 3863 39‘
616 3837 653 3846 -
687 3800 770 3865 Flor.
793 3800 819 3866 Ι.
846 3801 896 3880 18,
923 3802 987 3886 12),
1021 3802 1239 3887 Lysimachiae

69 3908 156 3971 urbis
178 3907 411 3992 recuperandae
435 3928 544 3970 caussa
567 3907 763 3971 Antiochum
788 3906 906 3971 bellum
923 3909 1077 3973 Romanis
1093 3909 1239 3975 intulisse

69 4013 165 4096 (auct.
193 4015 223 4078 d.
251 4037 279 4079 v.
309 4015 329 4077 i.
355 4015 397 4078 54
423 4051 463 4058 ——
487 4012 570 4078 Flor.
595 4012 621 4078 Ι.
646 4014 716 4097 24),
749 4013 909 4078 Viriatum
939 4037 1009 4078 curn
1037 4015 1174 4100 Popillio
1206 4017 1240 4080 in

68 4118 225 4204 Hispania
248 4121 366 4184 bellum
387 4120 518 4205 gessisse
542 4120 638 4202 (auct.
664 4122 691 4184 d.
719 4144 745 4182 v.
771 4123 791 4185 i.
818 4102 1017 4185 71-1101.
1045 4121 1070 4185 I.
1097 4120 1240 4206 33,”17),

71 4225 112 4289 ab
135 4225 270 4310 Apuleio
294 4225 466 4292 Saturnino
491 4226 659 4310 Equitium
682 4226 891 4292 subornatum
919 4249 998 4308 esse,
1028 4229 1084 4313 qui
1110 4251 1141 4293 se
1170 4214 1241 4294 Tib.

71 4329 205 4398 Gracchi
229 4329 488 4418 filium'fingerct
511 4331 608 4415 (auct.
632 4332 660 4398 d.
685 4357 713 4397 v.
738 4333 758 4399 i.
785 4334 826 4398 73
849 4371 892 4382 -—
916 4333 1006 4399 Flor„
1026 4334 1067 4399 ΙΙ.
1086 4335 1130 4420 4),
1147 4336 1241 4402 Ρο111-

205 4430 210 4447 ¹
314 4476 316 4480 .
840 4482 843 4487 .
1065 4442 1081 4493 2
