2954 5136
655 240 883 305 ·-11-

277 433 447 500 Auctorem
470 437 508 500 de
530 435 587 500 vir.
611 437 656 500 ill.
680 439 712 501 et
728 436 857 501 Florum
881 439 912 501 et
934 435 1096 501 Valerium
1121 439 1153 500 et
1176 436 1357 520 Ampelium

187 540 256 622 (cfr.
281 543 332 605 20.
362 541 527 607 3Mucius
559 540 694 621 Cordus,
724 543 779 626 qui
809 543 937 628 ignibus
966 559 1096 607 manum
1126 543 1290 626 imposuit)
1319 566 1357 608 ex

186 647 325 711 eiusdem
349 648 510 733 scriptoris
533 648 614 712 libro
638 649 779 714 hausisse
811 671 868 714 sua
896 653 928 714 et
956 649 1162 714 similitudine
1190 649 1355 714 verborum

185 758 219 818 et
231 755 290 818 hac
302 777 335 818 re
347 754 533 834 declaratur,
552 756 635 839 quod
651 754 786 820 Cordum
803 779 978 842 cognomen
991 755 1095 820 Mucio
1111 758 1237 840 praeter
1250 760 1355 822 aucto·

181 880 252 924 rem
268 865 408 925 nostrum
421 865 452 928 et
467 862 653 946 Dionysium
668 862 720 947 (V.
739 863 794 947 27)
808 865 892 927 solus
907 863 1070 947 Ampelius
1091 863 1206 927 indidit
1222 868 1255 927 et
1271 864 1355 947 quod

183 956 315 1031 manum
332 956 401 1032 'non
424 969 563 1033 terrendi
585 969 667 1055 regis
691 991 808 1048 caussa,
834 968 885 1034 sed
908 970 1000 1034 irrito
1023 973 1140 1034 conatu
1157 970 1274 1034 iratum
1291 971 1353 1034 aris

183 1075 276 1138 illum
291 1075 477 1158 imposuisse
492 1080 618 1160 praeter
633 1081 792 1141 auctorem
808 1080 953 1140 nostrum
972 1079 1016 1153 (et
1029 1075 1177 1141 Senecam
1192 1098 1239 1161 ep.
1254 1078 1305 1143 24.
1320 1079 1353 1161 5)
1404 1134 1406 1141 ,

182 1183 268 1245 solus
281 1182 439 1277 ‘Valerius
459 1183 591 1267 scripsit.

271 1351 308 1415 ln
333 1351 453 1435 proelio
480 1350 657 1436 Regillensi
686 1350 889 1417 describendo
916 1350 1031 1416 Florus
1059 1351 1096 1429 (1.
1122 1350 1154 1434 5)
1182 1355 1215 1416 et
1241 1360 1353 1418 auctor
1447 1355 1451 1364 '

182 1458 221 1522 de
245 1459 300 1522 vir.
325 1458 370 1520 ill.
396 1457 467 1542 (cfr.
495 1457 548 1542 16)
580 1459 769 1542 magistrum
803 1458 945 1542 equitum
976 1457 1084 1522 frenos
1116 1459 1202 1541 equis
1230 1460 1352 1524 detrahi

183 1565 308 1629 iussisse
331 1568 553 1641 narraverunt;
593 1565 790 1650 quibuscum
812 1586 906 1628 nemo
945 1569 1122 1629 ceterorum
1148 1567 1351 1650 'scriptorum

184 1671 343 1765 consentit
370 1671 409 1753 (c.
433 1670 500 1737 Liv.
523 1671 565 1739 Π.
593 1671 632 1734 19
667 1675 699 1736 et
730 1671 859 1754 Dionys.
893 1670 947 1734 VI.
974 1673 1024 1750 12,
1049 1672 1134 1754 apud
1157 1694 1250 1755 quem
1273 1673 1351 1738 haec

180 1779 349 1864 leguntur:
371 1775 470 1848 αὐτὸς
486 1773 517 1860 (ὁ
529 1772 784 1859 δικτάτορ1οἵμα
797 1785 867 1846 τοῖς
887 1773 1076 1857 κρατίστοις
1096 1776 1150 1835 ἐπὶ
1168 1775 1209 1836 τὸ
1227 1788 1350 1861 στῖφος

181 1883 317 1944 ὠθεῖται
351 1883 483 1958 κάπειδὴ
514 1882 654 1956 πλησίον
681 1889 750 1945 τῶν
778 1882 940 1969 πολεμίων
967 1880 1108 1965 ἐγένετο,
1138 1893 1265 1967 πρῶτος
1288 1889 1348 1974 Ιεἰς·

135 2014 140 2039 ι
180 1984 305 2047 chabrel
344 1985 405 2046 τὸν
450 1986 555 2047 ἵππον
600 1984 783 2074 ἀφειμένων
826 1991 894 2047 τῶν
939 1987 1128 2067 χαλινῶν),’-
1151 1990 1210 2056 Sed
1241 1994 1348 2059 tamen

100 2123 103 2127 ·
180 2095 292 2161 Florus
315 2098 458 2181 paullum
490 2086 623 2161 iuferius
657 2098 697 2160 ab
725 2108 851 2162 auctore
883 2100 991 2161 nostro
1014 2097 1149 2161 maxime
1174 2097 1348 2183 discrepat;

139 2278 144 2290 ι
180 2205 320 2287 primum
350 2205 435 2268 euim
462 2204 554 2282 illud,
596 2203 680 2287 quod
719 2204 802 2286 apud
840 2203 970 2268 Florum
1007 2203 1142 2288 legimus
1180 2204 1348 2270 Dioscorus

177 2311 427 2389 praetervolasse
463 2311 600 2375 siderum
636 2331 737 2389 more,
759 2331 873 2394 neque
904 2333 976 2375 cum
1006 2310 1057 2374 his
1080 2311 1217 2376 auctoris
1245 2313 1348 2376 nostri

113 2434 119 2443 ’
178 2416 283 2481 verbis
299 2417 433 2502 »insigni
449 2419 567 2481 virtute
583 2420 819 2501 apparuerunt«
843 2439 945 2500 neque
961 2439 1032 2481 cum
1048 2416 1201 2501 Dionysio
1218 2418 1286 2501 (Vl.
1306 2420 1346 2483 13

178 2528 332 2602 παίοντες
351 2541 423 2600 τοῖς
441 2528 557 2613 δόρασι
582 2529 637 2590 καὶ
665 2527 898 2612 προτροπάδην
925 2528 1132 2621 ἐλαύνοντες)
1156 2557 1347 2618 nequedum

177 2640 305 2707 Valerio
338 2642 477 2707 Maximo
506 2641 545 2725 (Ι.
571 2644 599 2706 8.
624 2643 643 2708 i.
670 2640 883 2707 Romanarum
921 2644 1062 2726 partium
1095 2646 1347 2727 propugnatores

177 2748 238 2813 visi
261 2747 392 2814 hostiles
409 2750 516 2834 copias
538 2750 664 2833 penitus
680 2748 844 2833 fuderunt)
862 2749 1020 2828 convenit,
1042 2750 1096 2813 sed
1113 2749 1201 2814 Flori
1217 2750 1345 2834 ingenio
1445 2796 1451 2803 ·

176 2891 241 2934 esse
274 2870 384 2933 fictum
423 2874 566 2954 apparet.
600 2869 722 2934 Deinde
752 2866 855 2935 castra
886 2871 1027 2935 hostium
1057 2874 1151 2954 capta
1185 2891 1250 2935 esse
1280 2893 1344 2934 nou

177 2989 296 3069 Florus,
312 2989 366 3053 sed
381 2993 492 3054 auctor
508 2993 615 3056 noster
630 2994 663 3055 et
677 2989 786 3055 Livius
800 2989 854 3074 (II.
871 2987 928 3075 20)
954 2992 986 3053 et
1002 2988 1174 3074 Dionysius
1198 2988 1269 3074 (VI.
1289 2991 1344 3074 12)

175 3110 376 3175 rettulerunt.
424 3110 567 3195 Denique
593 3111 620 3174 si
647 3111 725 3175 haec
752 3110 836 3174 Flori
864 3111 960 3174 verba
987 3110 1124 3195 »templa
1147 3110 1292 3194 promisit
1314 3114 1345 3174 et

138 3216 141 3221 ¹
173 3229 310 3294 reddidit
333 3232 427 3315 plane
451 3230 541 3315 quasi
564 3231 757 3315 stipendium
781 3231 1051 3301 commilitonibus
1068 3230 1150 3295 diis«
1176 3231 1343 3309 cumillis,

107 3410 111 3415 .
174 3368 255 3435 qnae
278 3351 362 3436 apud
385 3355 531 3417 nostrum
555 3355 715 3417 auctorem
730 3353 882 3438 leguntur
907 3373 1004 3436 »quos
1021 3352 1158 3417 dictator
1174 3352 1341 3437 quaesitos,

173 3473 212 3534 ut
247 3471 350 3556 dignis
381 3466 562 3537 muneribus
596 3472 781 3550 honoraret,
816 3494 881 3537 nou
912 3473 1072 3557 repperit«
1110 3473 1343 3557 comparaveri-

171 3612 250 3670 mus,
276 3591 405 3656 dubium
428 3613 493 3657 ncn
516 3593 590 3671 erit,
615 3592 692 3675 quin
715 3596 825 3657 auctor
856 3598 963 3657 noster
986 3592 1121 3658 eundem
1149 3594 1363 3677 scriptorem‚'

160 3711 260 3783 ‚cuius
280 3712 395 3776 librum
419 3711 531 3778 Florus
555 3711 749 3791 adhibuerit,
771 3733 894 3776 summa
915 3711 977 3776 fide
1000 3715 1128 3777 secutus
1149 3713 1200 3792 sit,
1228 3713 1341 3779 Florus

171 3835 277 3896 autem
302 3854 340 3897 ex
365 3854 421 3897 suo
444 3832 573 3919 ingenio
596 3833 680 3897 illius
702 3832 864 3916 scriptoris
890 3831 986 3898 verba
1008 3834 1166 3921 violenter
1189 3833 1341 3899 immuta·

169 3951 250 4016 verit
271 3956 366 4035 atque
388 3952 423 4015 in
447 3952 582 4018 deterius
604 3952 790 4030 detorserit3
813 3975 888 4018 uam
911 3952 996 4017 etin
1020 3975 1056 4017 eo
1080 3942 1231 4037 peccavit,
1256 3957 1339 4039 quod
1433 4024 1436 4029 ,

169 4071 357 4157 magistrum
387 4072 478 4136 illum
508 4073 650 4156 equitum
680 4072 810 4139 Cossum
842 4095 899 4160 pro
928 4073 962 4137 T.
995 4073 1132 4166 Aebutio
1165 4076 1340 4159 appellavit

169 4189 238 4277 (cfr.
262 4191 391 4277 Dionys.
414 4193 471 4260 VI.
498 4195 546 4272 12,
568 4193 638 4259 Liv.
662 4193 704 4258 II.
732 4193 785 4280 19)
817 4195 885 4260 sine
907 4196 1002 4261 dubio
1025 4195 1085 4260 hac
1115 4218 1149 4260 re
1181 4196 1338 4282 deceptus,
