<?xml version="1.0" encoding="UTF-8"?>
<!DOCTYPE html PUBLIC "-//W3C//DTD XHTML 1.0 Transitional//EN"
    "http://www.w3.org/TR/xhtml1/DTD/xhtml1-transitional.dtd">
<html xmlns="http://www.w3.org/1999/xhtml" xml:lang="en" lang="en">
 <head>
  <title>
</title>
<meta http-equiv="Content-Type" content="text/html;charset=utf-8" />
  <meta name='ocr-system' content='tesseract 3.04.00' />
  <meta name='ocr-capabilities' content='ocr_page ocr_carea ocr_par ocr_line ocrx_word'/>
</head>
<body>
  <div class='ocr_page' id='page_1' title='image "./deauctorisdevir00haupgoog_0015.png"; bbox 0 0 2954 5136; ppageno 0'>
   <div class='ocr_carea' id='block_1_1' title="bbox 639 201 834 271">
    <p class='ocr_par' dir='ltr' id='par_1_1' title="bbox 639 201 834 271">
     <span class='ocr_line' id='line_1_1' title="bbox 639 201 834 271; baseline -0.01 -24"><span class='ocrx_word' id='word_1_1' title='bbox 639 201 834 271; x_wconf 44' lang='lat' dir='ltr'>..ng</span> 
     </span>
    </p>
   </div>
   <div class='ocr_carea' id='block_1_2' title="bbox 243 395 1167 464">
    <p class='ocr_par' dir='ltr' id='par_1_2' title="bbox 243 395 1167 464">
     <span class='ocr_line' id='line_1_2' title="bbox 243 395 1167 464; baseline -0.001 -16"><span class='ocrx_word' id='word_1_2' title='bbox 243 399 312 448; x_wconf 64' lang='lat' dir='ltr'>aad.</span> <span class='ocrx_word' id='word_1_3' title='bbox 333 395 365 450; x_wconf 84' lang='lat' dir='ltr'>de</span> <span class='ocrx_word' id='word_1_4' title='bbox 382 396 430 449; x_wconf 79' lang='lat' dir='ltr'>etr.</span> <span class='ocrx_word' id='word_1_5' title='bbox 449 395 487 448; x_wconf 79' lang='lat' dir='ltr'>ill.</span> <span class='ocrx_word' id='word_1_6' title='bbox 506 411 526 448; x_wconf 89' lang='lat' dir='ltr'>c.</span> <span class='ocrx_word' id='word_1_7' title='bbox 546 397 632 448; x_wconf 82' lang='lat'><em>57.1.</em></span> <span class='ocrx_word' id='word_1_8' title='bbox 917 396 1019 464; x_wconf 83' lang='lat' dir='ltr'>Ampct.</span> <span class='ocrx_word' id='word_1_9' title='bbox 1040 395 1122 450; x_wconf 90' lang='lat' dir='ltr'><strong>XIX.</strong></span> <span class='ocrx_word' id='word_1_10' title='bbox 1141 398 1167 448; x_wconf 87' lang='grc'>3.</span> 
     </span>
    </p>
   </div>
   <div class='ocr_carea' id='block_1_3' title="bbox 153 498 1330 733">
    <p class='ocr_par' dir='ltr' id='par_1_3' title="bbox 153 498 1330 733">
     <span class='ocr_line' id='line_1_3' title="bbox 191 498 1330 568; baseline -0.001 -16"><span class='ocrx_word' id='word_1_11' title='bbox 191 498 341 567; x_wconf 83' lang='lat' dir='ltr'>Scipionem</span> <span class='ocrx_word' id='word_1_12' title='bbox 359 500 509 553; x_wconf 87' lang='lat' dir='ltr'>Asiaticum</span> <span class='ocrx_word' id='word_1_13' title='bbox 532 501 654 567; x_wconf 85' lang='lat' dir='ltr'>quamvis</span> <span class='ocrx_word' id='word_1_14' title='bbox 672 500 722 553; x_wconf 93' lang='lat' dir='ltr'>ini·</span> <span class='ocrx_word' id='word_1_15' title='bbox 777 498 947 567; x_wconf 80' lang='lat' dir='ltr'>Scipionem</span> <span class='ocrx_word' id='word_1_16' title='bbox 965 501 1116 554; x_wconf 82' lang='lat' dir='ltr'>Asiaticum</span> <span class='ocrx_word' id='word_1_17' title='bbox 1134 501 1255 568; x_wconf 85' lang='lat' dir='ltr'>quemvis</span> <span class='ocrx_word' id='word_1_18' title='bbox 1275 500 1330 552; x_wconf 92' lang='lat' dir='ltr'>ini-</span> 
     </span>
     <span class='ocr_line' id='line_1_4' title="bbox 153 588 1329 657; baseline -0.001 -15"><span class='ocrx_word' id='word_1_19' title='bbox 153 591 251 642; x_wconf 89' lang='lat' dir='ltr'>micum</span> <span class='ocrx_word' id='word_1_20' title='bbox 271 589 333 643; x_wconf 90' lang='lat' dir='ltr'>duci</span> <span class='ocrx_word' id='word_1_21' title='bbox 351 589 378 641; x_wconf 91' lang='lat' dir='ltr'>in</span> <span class='ocrx_word' id='word_1_22' title='bbox 398 605 535 644; x_wconf 82' lang='lat' dir='ltr'>carcerem</span> <span class='ocrx_word' id='word_1_23' title='bbox 548 606 601 642; x_wconf 92' lang='lat' dir='ltr'>non</span> <span class='ocrx_word' id='word_1_24' title='bbox 614 605 720 656; x_wconf 86' lang='lat' dir='ltr'>passus.</span> <span class='ocrx_word' id='word_1_25' title='bbox 757 589 853 642; x_wconf 91' lang='lat' dir='ltr'>micum</span> <span class='ocrx_word' id='word_1_26' title='bbox 872 588 992 656; x_wconf 87' lang='lat' dir='ltr'>haberet,</span> <span class='ocrx_word' id='word_1_27' title='bbox 1012 605 1066 642; x_wconf 89' lang='lat' dir='ltr'>non</span> <span class='ocrx_word' id='word_1_28' title='bbox 1085 595 1125 643; x_wconf 89' lang='lat' dir='ltr'>est</span> <span class='ocrx_word' id='word_1_29' title='bbox 1138 605 1232 657; x_wconf 86' lang='lat' dir='ltr'>passus</span> <span class='ocrx_word' id='word_1_30' title='bbox 1247 605 1264 642; x_wconf 88' lang='lat' dir='ltr'>a</span> <span class='ocrx_word' id='word_1_31' title='bbox 1279 589 1329 641; x_wconf 92' lang='lat' dir='ltr'>tri·</span> 
     </span>
     <span class='ocr_line' id='line_1_5' title="bbox 757 678 1152 733; baseline -0.003 -1"><span class='ocrx_word' id='word_1_32' title='bbox 757 678 836 732; x_wconf 90' lang='lat' dir='ltr'>bunis</span> <span class='ocrx_word' id='word_1_33' title='bbox 854 679 882 731; x_wconf 94' lang='lat' dir='ltr'>in</span> <span class='ocrx_word' id='word_1_34' title='bbox 899 686 1035 733; x_wconf 82' lang='lat' dir='ltr'>‘carcerem</span> <span class='ocrx_word' id='word_1_35' title='bbox 1054 679 1152 732; x_wconf 92' lang='lat' dir='ltr'>duei-</span> 
     </span>
    </p>
   </div>
   <div class='ocr_carea' id='block_1_4' title="bbox 87 767 1329 1567">
    <p class='ocr_par' dir='ltr' id='par_1_4' title="bbox 87 767 1329 1031">
     <span class='ocr_line' id='line_1_6' title="bbox 285 767 1156 853; baseline -0.001 -31"><span class='ocrx_word' id='word_1_36' title='bbox 285 773 355 822; x_wconf 80' lang='lat' dir='ltr'>attct.</span> <span class='ocrx_word' id='word_1_37' title='bbox 374 767 406 821; x_wconf 80' lang='lat' dir='ltr'>de</span> <span class='ocrx_word' id='word_1_38' title='bbox 423 769 471 822; x_wconf 79' lang='lat' dir='ltr'>ott.</span> <span class='ocrx_word' id='word_1_39' title='bbox 491 768 529 822; x_wconf 78' lang='lat' dir='ltr'>tlt.</span> <span class='ocrx_word' id='word_1_40' title='bbox 548 771 591 853; x_wconf 76' lang='lat' dir='ltr'><strong>I2.</strong></span> <span class='ocrx_word' id='word_1_41' title='bbox 923 787 1025 853; x_wconf 58' lang='lat' dir='ltr'>Ampep</span> <span class='ocrx_word' id='word_1_42' title='bbox 1046 787 1112 840; x_wconf 39' lang='lat' dir='ltr'>XX,</span> <span class='ocrx_word' id='word_1_43' title='bbox 1132 791 1156 840; x_wconf 44' lang='lat'>3·</span> 
     </span>
     <span class='ocr_line' id='line_1_7' title="bbox 188 873 1329 943; baseline 0.002 -17"><span class='ocrx_word' id='word_1_44' title='bbox 188 873 294 929; x_wconf 89' lang='lat' dir='ltr'>Mucius</span> <span class='ocrx_word' id='word_1_45' title='bbox 318 874 422 928; x_wconf 83' lang='lat' dir='ltr'>Cordus</span> <span class='ocrx_word' id='word_1_46' title='bbox 449 903 485 911; x_wconf 91' lang='lat'>-</span> <span class='ocrx_word' id='word_1_47' title='bbox 512 873 636 928; x_wconf 79' lang='lat' dir='ltr'>dextram</span> <span class='ocrx_word' id='word_1_48' title='bbox 663 873 719 927; x_wconf 87' lang='lat' dir='ltr'>aris</span> <span class='ocrx_word' id='word_1_49' title='bbox 791 874 898 928; x_wconf 90' lang='lat' dir='ltr'>Mucius</span> <span class='ocrx_word' id='word_1_50' title='bbox 909 875 1020 943; x_wconf 82' lang='lat' dir='ltr'>Cordus,</span> <span class='ocrx_word' id='word_1_51' title='bbox 1039 875 1084 942; x_wconf 88' lang='lat' dir='ltr'>qui</span> <span class='ocrx_word' id='word_1_52' title='bbox 1099 876 1206 942; x_wconf 85' lang='lat' dir='ltr'>ignibus</span> <span class='ocrx_word' id='word_1_53' title='bbox 1217 889 1329 928; x_wconf 88' lang='lat' dir='ltr'>manum</span> 
     </span>
     <span class='ocr_line' id='line_1_8' title="bbox 87 963 889 1031; baseline 0 -16"><span class='ocrx_word' id='word_1_54' title='bbox 87 965 93 972; x_wconf 83' lang='lat'><em>&#39;</em></span> <span class='ocrx_word' id='word_1_55' title='bbox 152 964 288 1031; x_wconf 84' lang='lat' dir='ltr'>imposuit.</span> <span class='ocrx_word' id='word_1_56' title='bbox 755 963 889 1028; x_wconf 76' lang='lat' dir='ltr'>imposuit.</span> 
     </span>
    </p>

    <p class='ocr_par' dir='ltr' id='par_1_5' title="bbox 151 1044 1328 1567">
     <span class='ocr_line' id='line_1_9' title="bbox 241 1044 1327 1139; baseline 0.003 -20"><span class='ocrx_word' id='word_1_57' title='bbox 241 1054 397 1131; x_wconf 79' lang='lat' dir='ltr'>Quartum</span> <span class='ocrx_word' id='word_1_58' title='bbox 429 1058 537 1118; x_wconf 85' lang='lat' dir='ltr'>autem</span> <span class='ocrx_word' id='word_1_59' title='bbox 560 1053 752 1118; x_wconf 85' lang='lat' dir='ltr'>Woelfflinii</span> <span class='ocrx_word' id='word_1_60' title='bbox 781 1044 958 1139; x_wconf 87' lang='lat' dir='ltr'>exemplum</span> <span class='ocrx_word' id='word_1_61' title='bbox 989 1058 1083 1132; x_wconf 85' lang='lat' dir='ltr'>(auct.</span> <span class='ocrx_word' id='word_1_62' title='bbox 1116 1056 1152 1119; x_wconf 91' lang='lat' dir='ltr'>de</span> <span class='ocrx_word' id='word_1_63' title='bbox 1184 1056 1241 1119; x_wconf 86' lang='lat' dir='ltr'>vir.</span> <span class='ocrx_word' id='word_1_64' title='bbox 1278 1056 1327 1122; x_wconf 90' lang='lat' dir='ltr'>ill.</span> 
     </span>
     <span class='ocr_line' id='line_1_10' title="bbox 152 1159 1328 1254; baseline -0.002 -27"><span class='ocrx_word' id='word_1_65' title='bbox 152 1163 204 1240; x_wconf 84' lang='lat'>45,</span> <span class='ocrx_word' id='word_1_66' title='bbox 230 1165 250 1227; x_wconf 85' lang='lat'><strong>3</strong></span> <span class='ocrx_word' id='word_1_67' title='bbox 276 1162 315 1207; x_wconf 82' lang='grc'>-’</span> <span class='ocrx_word' id='word_1_68' title='bbox 339 1162 464 1245; x_wconf 79' lang='lat' dir='ltr'>Ampel.</span> <span class='ocrx_word' id='word_1_69' title='bbox 488 1159 606 1225; x_wconf 87' lang='lat' dir='ltr'><strong>XVIII.</strong></span> <span class='ocrx_word' id='word_1_70' title='bbox 634 1159 687 1244; x_wconf 87' lang='lat'>10)</span> <span class='ocrx_word' id='word_1_71' title='bbox 712 1162 936 1249; x_wconf 84' lang='lat' dir='ltr'>removendum</span> <span class='ocrx_word' id='word_1_72' title='bbox 966 1184 1041 1254; x_wconf 25' lang='lat' dir='ltr'>esse,</span> <span class='ocrx_word' id='word_1_73' title='bbox 1061 1163 1204 1242; x_wconf 89' lang='lat' dir='ltr'>videtur,</span> <span class='ocrx_word' id='word_1_74' title='bbox 1240 1162 1328 1245; x_wconf 90' lang='lat' dir='ltr'>quod</span> 
     </span>
     <span class='ocr_line' id='line_1_11' title="bbox 151 1267 1327 1352; baseline -0.001 -19"><span class='ocrx_word' id='word_1_75' title='bbox 151 1269 206 1333; x_wconf 91' lang='lat' dir='ltr'>illa</span> <span class='ocrx_word' id='word_1_76' title='bbox 228 1270 298 1352; x_wconf 88' lang='lat' dir='ltr'>ipsa</span> <span class='ocrx_word' id='word_1_77' title='bbox 321 1269 459 1333; x_wconf 86' lang='lat' dir='ltr'>auctoris</span> <span class='ocrx_word' id='word_1_78' title='bbox 482 1268 583 1333; x_wconf 83' lang='lat' dir='ltr'>nostri</span> <span class='ocrx_word' id='word_1_79' title='bbox 606 1267 717 1346; x_wconf 82' lang='lat' dir='ltr'>verba,</span> <span class='ocrx_word' id='word_1_80' title='bbox 747 1268 859 1349; x_wconf 88' lang='lat' dir='ltr'>quibus</span> <span class='ocrx_word' id='word_1_81' title='bbox 883 1268 1099 1333; x_wconf 85' lang='lat' dir='ltr'>Woelfflinius</span> <span class='ocrx_word' id='word_1_82' title='bbox 1122 1269 1256 1346; x_wconf 85' lang='lat' dir='ltr'>nititur,</span> <span class='ocrx_word' id='word_1_83' title='bbox 1290 1270 1327 1332; x_wconf 91' lang='lat' dir='ltr'>in</span> 
     </span>
     <span class='ocr_line' id='line_1_12' title="bbox 153 1374 1326 1459; baseline 0.003 -19"><span class='ocrx_word' id='word_1_84' title='bbox 153 1376 299 1441; x_wconf 88' lang='lat' dir='ltr'>omnibus</span> <span class='ocrx_word' id='word_1_85' title='bbox 321 1374 409 1440; x_wconf 89' lang='lat' dir='ltr'>libris</span> <span class='ocrx_word' id='word_1_86' title='bbox 431 1398 528 1439; x_wconf 90' lang='lat' dir='ltr'>manu</span> <span class='ocrx_word' id='word_1_87' title='bbox 552 1375 676 1457; x_wconf 90' lang='lat' dir='ltr'>scriptis</span> <span class='ocrx_word' id='word_1_88' title='bbox 699 1374 823 1451; x_wconf 87' lang='lat' dir='ltr'>desunt,</span> <span class='ocrx_word' id='word_1_89' title='bbox 847 1377 987 1459; x_wconf 81' lang='lat' dir='ltr'>exeeptis</span> <span class='ocrx_word' id='word_1_90' title='bbox 1004 1375 1140 1439; x_wconf 87' lang='lat' dir='ltr'>Schottii</span> <span class='ocrx_word' id='word_1_91' title='bbox 1155 1375 1326 1445; x_wconf 74' lang='lat' dir='ltr'>codicibus,</span> 
     </span>
     <span class='ocr_line' id='line_1_13' title="bbox 152 1481 1124 1567; baseline 0 -21"><span class='ocrx_word' id='word_1_92' title='bbox 152 1505 230 1566; x_wconf 90' lang='lat' dir='ltr'>quos</span> <span class='ocrx_word' id='word_1_93' title='bbox 253 1483 370 1548; x_wconf 88' lang='lat' dir='ltr'>multae</span> <span class='ocrx_word' id='word_1_94' title='bbox 393 1481 655 1567; x_wconf 82' lang='lat' dir='ltr'>interpolationes</span> <span class='ocrx_word' id='word_1_95' title='bbox 677 1481 954 1564; x_wconf 83' lang='lat' dir='ltr'>suspiciosissimus</span> <span class='ocrx_word' id='word_1_96' title='bbox 978 1483 1124 1547; x_wconf 89' lang='lat' dir='ltr'>reddunt.</span> 
     </span>
    </p>
   </div>
   <div class='ocr_carea' id='block_1_5' title="bbox 71 1588 1325 2035">
    <p class='ocr_par' dir='ltr' id='par_1_6' title="bbox 71 1588 1325 2035">
     <span class='ocr_line' id='line_1_14' title="bbox 240 1588 737 1674; baseline -0.004 -22"><span class='ocrx_word' id='word_1_97' title='bbox 240 1589 395 1674; x_wconf 81' lang='lat' dir='ltr'>Equidem</span> <span class='ocrx_word' id='word_1_98' title='bbox 417 1589 475 1652; x_wconf 90' lang='lat' dir='ltr'>hos</span> <span class='ocrx_word' id='word_1_99' title='bbox 498 1590 583 1653; x_wconf 86' lang='lat' dir='ltr'>locos</span> <span class='ocrx_word' id='word_1_100' title='bbox 607 1588 737 1652; x_wconf 85' lang='lat' dir='ltr'>addam:</span> 
     </span>
     <span class='ocr_line' id='line_1_15' title="bbox 257 1695 1185 1762; baseline -0.002 -13"><span class='ocrx_word' id='word_1_101' title='bbox 257 1702 326 1750; x_wconf 85' lang='lat' dir='ltr'>auct.</span> <span class='ocrx_word' id='word_1_102' title='bbox 346 1696 377 1750; x_wconf 83' lang='lat' dir='ltr'>de</span> <span class='ocrx_word' id='word_1_103' title='bbox 395 1697 445 1749; x_wconf 80' lang='lat' dir='ltr'>etr.</span> <span class='ocrx_word' id='word_1_104' title='bbox 465 1695 504 1750; x_wconf 79' lang='lat' dir='ltr'>cll.</span> <span class='ocrx_word' id='word_1_105' title='bbox 523 1698 566 1749; x_wconf 79' lang='lat'>56.</span> <span class='ocrx_word' id='word_1_106' title='bbox 585 1699 609 1749; x_wconf 85' lang='grc'><strong><em>4.</em></strong></span> <span class='ocrx_word' id='word_1_107' title='bbox 717 1754 721 1762; x_wconf 62' lang='grc'><strong>,</strong></span> <span class='ocrx_word' id='word_1_108' title='bbox 889 1696 991 1762; x_wconf 82' lang='lat' dir='ltr'>Ampel.</span> <span class='ocrx_word' id='word_1_109' title='bbox 1011 1697 1125 1751; x_wconf 84' lang='lat' dir='ltr'><strong>XVIII.</strong></span> <span class='ocrx_word' id='word_1_110' title='bbox 1144 1699 1185 1750; x_wconf 85' lang='lat'>13.</span> 
     </span>
     <span class='ocr_line' id='line_1_16' title="bbox 186 1778 1325 1852; baseline 0.005 -16"><span class='ocrx_word' id='word_1_111' title='bbox 186 1785 218 1836; x_wconf 93' lang='lat' dir='ltr'><strong>In</strong></span> <span class='ocrx_word' id='word_1_112' title='bbox 235 1783 288 1838; x_wconf 88' lang='lat' dir='ltr'>hac</span> <span class='ocrx_word' id='word_1_113' title='bbox 306 1783 412 1837; x_wconf 87' lang='lat' dir='ltr'>laetitia</span> <span class='ocrx_word' id='word_1_114' title='bbox 431 1783 497 1836; x_wconf 91' lang='lat' dir='ltr'>duos</span> <span class='ocrx_word' id='word_1_115' title='bbox 520 1783 591 1836; x_wconf 89' lang='lat' dir='ltr'>filios</span> <span class='ocrx_word' id='word_1_116' title='bbox 614 1783 718 1852; x_wconf 86' lang='lat' dir='ltr'>amisit;</span> <span class='ocrx_word' id='word_1_117' title='bbox 790 1778 905 1833; x_wconf 86' lang='lat' dir='ltr'>-inter</span> <span class='ocrx_word' id='word_1_118' title='bbox 914 1781 987 1847; x_wconf 87' lang='lat' dir='ltr'>ipsos</span> <span class='ocrx_word' id='word_1_119' title='bbox 1005 1782 1135 1850; x_wconf 87' lang='lat' dir='ltr'>triumphi</span> <span class='ocrx_word' id='word_1_120' title='bbox 1147 1781 1204 1839; x_wconf 92' lang='lat' dir='ltr'>dies</span> <span class='ocrx_word' id='word_1_121' title='bbox 1218 1787 1325 1843; x_wconf 89' lang='lat' dir='ltr'>amissis</span> 
     </span>
     <span class='ocr_line' id='line_1_17' title="bbox 96 1865 1324 1941; baseline 0.003 -16"><span class='ocrx_word' id='word_1_122' title='bbox 96 1928 100 1939; x_wconf 63' lang='grc'>,</span> <span class='ocrx_word' id='word_1_123' title='bbox 151 1879 178 1926; x_wconf 91' lang='lat' dir='ltr'>et</span> <span class='ocrx_word' id='word_1_124' title='bbox 206 1889 363 1941; x_wconf 83' lang='lat' dir='ltr'>progressus</span> <span class='ocrx_word' id='word_1_125' title='bbox 394 1872 430 1926; x_wconf 86' lang='lat' dir='ltr'>ad</span> <span class='ocrx_word' id='word_1_126' title='bbox 459 1872 586 1940; x_wconf 89' lang='lat' dir='ltr'>populum</span> <span class='ocrx_word' id='word_1_127' title='bbox 614 1873 717 1940; x_wconf 76' lang='lat' dir='ltr'>gratias</span> <span class='ocrx_word' id='word_1_128' title='bbox 754 1865 857 1921; x_wconf 92' lang='lat' dir='ltr'>duobus</span> <span class='ocrx_word' id='word_1_129' title='bbox 887 1868 981 1923; x_wconf 91' lang='lat' dir='ltr'>liberis</span> <span class='ocrx_word' id='word_1_130' title='bbox 1013 1886 1062 1937; x_wconf 93' lang='lat' dir='ltr'>pro</span> <span class='ocrx_word' id='word_1_131' title='bbox 1097 1874 1220 1935; x_wconf 86' lang='lat' dir='ltr'>contione</span> <span class='ocrx_word' id='word_1_132' title='bbox 1254 1876 1324 1931; x_wconf 86' lang='lat' dir='ltr'>dixit</span> 
     </span>
     <span class='ocr_line' id='line_1_18' title="bbox 71 1956 1305 2035; baseline 0.001 -19"><span class='ocrx_word' id='word_1_133' title='bbox 71 1976 75 1989; x_wconf 77' lang='lat'><em>&#39;</em></span> <span class='ocrx_word' id='word_1_134' title='bbox 150 1963 290 2016; x_wconf 90' lang='lat' dir='ltr'>Fortunae</span> <span class='ocrx_word' id='word_1_135' title='bbox 309 1963 373 2031; x_wconf 85' lang='lat' dir='ltr'>egit,</span> <span class='ocrx_word' id='word_1_136' title='bbox 392 1962 464 2029; x_wconf 84' lang='lat' dir='ltr'>quod</span> <span class='ocrx_word' id='word_1_137' title='bbox 482 1993 516 2000; x_wconf 86' lang='lat'>—-</span> <span class='ocrx_word' id='word_1_138' title='bbox 691 1956 693 1962; x_wconf 82' lang='grc'><strong>’</strong></span> <span class='ocrx_word' id='word_1_139' title='bbox 753 1957 856 2022; x_wconf 82' lang='lat' dir='ltr'>gratias</span> <span class='ocrx_word' id='word_1_140' title='bbox 874 1973 903 2020; x_wconf 85' lang='lat' dir='ltr'>se</span> <span class='ocrx_word' id='word_1_141' title='bbox 923 1974 1004 2026; x_wconf 85' lang='lat' dir='ltr'>agere</span> <span class='ocrx_word' id='word_1_142' title='bbox 1021 1959 1167 2035; x_wconf 72' lang='lat' dir='ltr'>Fortunae,</span> <span class='ocrx_word' id='word_1_143' title='bbox 1188 1964 1305 2030; x_wconf 82' lang='lat' dir='ltr'>quod—&#39;-</span> 
     </span>
    </p>
   </div>
   <div class='ocr_carea' id='block_1_6' title="bbox 148 2065 1322 2495">
    <p class='ocr_par' dir='ltr' id='par_1_7' title="bbox 148 2065 1322 2495">
     <span class='ocr_line' id='line_1_19' title="bbox 257 2065 1190 2133; baseline -0.002 -9"><span class='ocrx_word' id='word_1_144' title='bbox 257 2075 329 2124; x_wconf 84' lang='lat' dir='ltr'>ooct.</span> <span class='ocrx_word' id='word_1_145' title='bbox 348 2069 379 2125; x_wconf 85' lang='lat' dir='ltr'>de</span> <span class='ocrx_word' id='word_1_146' title='bbox 397 2070 447 2124; x_wconf 82' lang='lat' dir='ltr'>oir.</span> <span class='ocrx_word' id='word_1_147' title='bbox 464 2069 502 2122; x_wconf 78' lang='lat' dir='ltr'>dl.</span> <span class='ocrx_word' id='word_1_148' title='bbox 522 2072 564 2122; x_wconf 83' lang='lat'>73.</span> <span class='ocrx_word' id='word_1_149' title='bbox 584 2072 609 2122; x_wconf 75' lang='lat'>8.</span> <span class='ocrx_word' id='word_1_150' title='bbox 890 2065 993 2133; x_wconf 82' lang='lat' dir='ltr'>Ampel.</span> <span class='ocrx_word' id='word_1_151' title='bbox 1014 2066 1129 2121; x_wconf 86' lang='lat' dir='ltr'><strong>XVIII</strong></span> <span class='ocrx_word' id='word_1_152' title='bbox 1150 2073 1190 2122; x_wconf 87' lang='grc'><strong><em>14.</em></strong></span> 
     </span>
     <span class='ocr_line' id='line_1_20' title="bbox 186 2153 1322 2225; baseline 0.004 -15"><span class='ocrx_word' id='word_1_153' title='bbox 186 2158 315 2212; x_wconf 87' lang='lat' dir='ltr'>Metellus</span> <span class='ocrx_word' id='word_1_154' title='bbox 329 2157 486 2212; x_wconf 89' lang='lat' dir='ltr'>Numidicus</span> <span class='ocrx_word' id='word_1_155' title='bbox 500 2158 622 2225; x_wconf 88' lang='lat' dir='ltr'>exulare,</span> <span class='ocrx_word' id='word_1_156' title='bbox 635 2175 716 2225; x_wconf 88' lang='lat' dir='ltr'>quam</span> <span class='ocrx_word' id='word_1_157' title='bbox 745 2172 747 2177; x_wconf 58' lang='lat'><strong>⁴</strong></span> <span class='ocrx_word' id='word_1_158' title='bbox 788 2181 822 2189; x_wconf 93' lang='grc'><strong>-</strong></span> <span class='ocrx_word' id='word_1_159' title='bbox 848 2153 945 2222; x_wconf 84' lang='lat' dir='ltr'>maluit</span> <span class='ocrx_word' id='word_1_160' title='bbox 963 2154 992 2206; x_wconf 93' lang='lat' dir='ltr'>in</span> <span class='ocrx_word' id='word_1_161' title='bbox 1011 2154 1121 2208; x_wconf 89' lang='lat' dir='ltr'>exilium</span> <span class='ocrx_word' id='word_1_162' title='bbox 1151 2157 1204 2224; x_wconf 88' lang='lat' dir='ltr'>ire,</span> <span class='ocrx_word' id='word_1_163' title='bbox 1239 2175 1322 2225; x_wconf 86' lang='lat' dir='ltr'>quam</span> 
     </span>
     <span class='ocr_line' id='line_1_21' title="bbox 148 2239 852 2301; baseline 0.001 -1"><span class='ocrx_word' id='word_1_164' title='bbox 148 2248 240 2301; x_wconf 90' lang='lat' dir='ltr'>iurare</span> <span class='ocrx_word' id='word_1_165' title='bbox 258 2249 358 2301; x_wconf 84' lang='lat' dir='ltr'>maluit.</span> <span class='ocrx_word' id='word_1_166' title='bbox 752 2239 852 2295; x_wconf 76' lang='lat' dir='ltr'>iurare·</span> 
     </span>
     <span class='ocr_line' id='line_1_22' title="bbox 249 2332 1158 2403; baseline -0.004 -11"><span class='ocrx_word' id='word_1_167' title='bbox 249 2343 318 2392; x_wconf 83' lang='lat' dir='ltr'>auct.</span> <span class='ocrx_word' id='word_1_168' title='bbox 338 2338 370 2391; x_wconf 81' lang='lat' dir='ltr'>de</span> <span class='ocrx_word' id='word_1_169' title='bbox 387 2339 436 2392; x_wconf 80' lang='lat' dir='ltr'>otr.</span> <span class='ocrx_word' id='word_1_170' title='bbox 455 2338 494 2392; x_wconf 80' lang='lat' dir='ltr'>ill.</span> <span class='ocrx_word' id='word_1_171' title='bbox 513 2341 616 2392; x_wconf 83' lang='lat'><em>66.13.</em></span> <span class='ocrx_word' id='word_1_172' title='bbox 910 2332 1014 2403; x_wconf 80' lang='lat' dir='ltr'>Ampel.</span> <span class='ocrx_word' id='word_1_173' title='bbox 1035 2334 1115 2389; x_wconf 80' lang='lat' dir='ltr'><strong>XIX.</strong></span> <span class='ocrx_word' id='word_1_174' title='bbox 1133 2339 1158 2390; x_wconf 90' lang='lat'>6.</span> 
     </span>
     <span class='ocr_line' id='line_1_23' title="bbox 185 2402 1319 2495; baseline 0.006 -23"><span class='ocrx_word' id='word_1_175' title='bbox 185 2425 289 2479; x_wconf 83' lang='lat' dir='ltr'>Invidia</span> <span class='ocrx_word' id='word_1_176' title='bbox 309 2425 397 2479; x_wconf 77' lang='lat' dir='ltr'>caedis</span> <span class='ocrx_word' id='word_1_177' title='bbox 421 2426 492 2493; x_wconf 77' lang='lat' dir='ltr'>apud</span> <span class='ocrx_word' id='word_1_178' title='bbox 510 2426 664 2495; x_wconf 84' lang='lat' dir='ltr'>Philippum</span> <span class='ocrx_word' id='word_1_179' title='bbox 688 2402 715 2481; x_wconf 71' lang='lat' dir='ltr'>et</span> <span class='ocrx_word' id='word_1_180' title='bbox 788 2418 892 2487; x_wconf 86' lang='lat' dir='ltr'>(Livius</span> <span class='ocrx_word' id='word_1_181' title='bbox 930 2421 1047 2491; x_wconf 80' lang='lat' dir='ltr'>Drusus)</span> <span class='ocrx_word' id='word_1_182' title='bbox 1083 2439 1133 2493; x_wconf 86' lang='lat' dir='ltr'>per</span> <span class='ocrx_word' id='word_1_183' title='bbox 1163 2425 1274 2479; x_wconf 78' lang='lat' dir='ltr'>insidias</span> <span class='ocrx_word' id='word_1_184' title='bbox 1302 2441 1319 2479; x_wconf 80' lang='lat' dir='ltr'>a</span> 
     </span>
    </p>
   </div>
   <div class='ocr_carea' id='block_1_7' title="bbox 59 2507 1249 2582">
    <p class='ocr_par' dir='ltr' id='par_1_8' title="bbox 59 2507 1249 2582">
     <span class='ocr_line' id='line_1_24' title="bbox 59 2507 1249 2582; baseline 0.007 -22"><span class='ocrx_word' id='word_1_185' title='bbox 59 2557 60 2560; x_wconf 74' lang='grc'>,</span> <span class='ocrx_word' id='word_1_186' title='bbox 150 2514 312 2582; x_wconf 78' lang='lat' dir='ltr'>Caepionem</span> <span class='ocrx_word' id='word_1_187' title='bbox 330 2512 388 2567; x_wconf 85' lang='lat' dir='ltr'>fuit.</span> <span class='ocrx_word' id='word_1_188' title='bbox 752 2507 875 2576; x_wconf 89' lang='lat' dir='ltr'>Philippo</span> <span class='ocrx_word' id='word_1_189' title='bbox 895 2509 1005 2564; x_wconf 92' lang='lat' dir='ltr'>consule</span> <span class='ocrx_word' id='word_1_190' title='bbox 1023 2511 1183 2568; x_wconf 86' lang='lat' dir='ltr'>interfectus</span> <span class='ocrx_word' id='word_1_191' title='bbox 1201 2522 1249 2568; x_wconf 88' lang='lat' dir='ltr'>est.</span> 
     </span>
    </p>
   </div>
   <div class='ocr_carea' id='block_1_8' title="bbox 184 2617 1320 2867">
    <p class='ocr_par' dir='ltr' id='par_1_9' title="bbox 184 2617 1320 2867">
     <span class='ocr_line' id='line_1_25' title="bbox 255 2617 1185 2685; baseline -0.003 -9"><span class='ocrx_word' id='word_1_192' title='bbox 255 2627 325 2676; x_wconf 81' lang='lat' dir='ltr'>auct</span> <span class='ocrx_word' id='word_1_193' title='bbox 345 2622 376 2676; x_wconf 82' lang='lat' dir='ltr'>de</span> <span class='ocrx_word' id='word_1_194' title='bbox 395 2623 444 2676; x_wconf 84' lang='lat' dir='ltr'>oir.</span> <span class='ocrx_word' id='word_1_195' title='bbox 462 2622 500 2676; x_wconf 76' lang='lat' dir='ltr'>cu:</span> <span class='ocrx_word' id='word_1_196' title='bbox 518 2626 561 2676; x_wconf 85' lang='lat'>19.</span> <span class='ocrx_word' id='word_1_197' title='bbox 579 2627 607 2678; x_wconf 82' lang='lat'>2.</span> <span class='ocrx_word' id='word_1_198' title='bbox 887 2617 991 2685; x_wconf 73' lang='lat' dir='ltr'>Ampel.</span> <span class='ocrx_word' id='word_1_199' title='bbox 1011 2619 1140 2676; x_wconf 89' lang='lat' dir='ltr'><strong>XXVII</strong></span> <span class='ocrx_word' id='word_1_200' title='bbox 1161 2626 1185 2674; x_wconf 81' lang='lat'>1.</span> 
     </span>
     <span class='ocr_line' id='line_1_26' title="bbox 184 2704 1320 2778; baseline 0.007 -22"><span class='ocrx_word' id='word_1_201' title='bbox 184 2709 236 2762; x_wconf 74' lang='lat' dir='ltr'>Hic</span> <span class='ocrx_word' id='word_1_202' title='bbox 255 2711 349 2764; x_wconf 78' lang='lat' dir='ltr'>consul</span> <span class='ocrx_word' id='word_1_203' title='bbox 369 2711 446 2778; x_wconf 77' lang='lat' dir='ltr'>gravi</span> <span class='ocrx_word' id='word_1_204' title='bbox 465 2727 607 2765; x_wconf 74' lang='lat' dir='ltr'>annona-</span> <span class='ocrx_word' id='word_1_205' title='bbox 787 2704 945 2759; x_wconf 81' lang='lat' dir='ltr'>Coriolanus</span> <span class='ocrx_word' id='word_1_206' title='bbox 958 2707 991 2760; x_wconf 95' lang='lat' dir='ltr'>ob</span> <span class='ocrx_word' id='word_1_207' title='bbox 1005 2708 1170 2776; x_wconf 89' lang='lat' dir='ltr'>asperiorem</span> <span class='ocrx_word' id='word_1_208' title='bbox 1183 2725 1320 2764; x_wconf 88' lang='lat' dir='ltr'>annonam</span> 
     </span>
     <span class='ocr_line' id='line_1_27' title="bbox 751 2793 1271 2867; baseline 0.015 -22"><span class='ocrx_word' id='word_1_209' title='bbox 751 2793 779 2845; x_wconf 91' lang='lat' dir='ltr'>in</span> <span class='ocrx_word' id='word_1_210' title='bbox 799 2793 911 2847; x_wconf 91' lang='lat' dir='ltr'>exilium</span> <span class='ocrx_word' id='word_1_211' title='bbox 929 2803 1060 2867; x_wconf 71' lang='lat' dir='ltr'>actus.v</span> <span class='ocrx_word' id='word_1_212' title='bbox 1151 2842 1154 2848; x_wconf 60' lang='grc'><strong><em>.</em></strong></span> <span class='ocrx_word' id='word_1_213' title='bbox 1266 2835 1271 2840; x_wconf 93' lang='grc'><strong>-</strong></span> 
     </span>
    </p>
   </div>
   <div class='ocr_carea' id='block_1_9' title="bbox 147 2903 1319 3237">
    <p class='ocr_par' dir='ltr' id='par_1_10' title="bbox 147 2903 1319 3237">
     <span class='ocr_line' id='line_1_28' title="bbox 255 2903 1181 2981; baseline -0.002 -21"><span class='ocrx_word' id='word_1_214' title='bbox 255 2913 325 2960; x_wconf 79' lang='lat' dir='ltr'>aaut.</span> <span class='ocrx_word' id='word_1_215' title='bbox 344 2907 441 2981; x_wconf 75' lang='lat' dir='ltr'>doctr.</span> <span class='ocrx_word' id='word_1_216' title='bbox 460 2909 499 2962; x_wconf 80' lang='lat' dir='ltr'>ill.</span> <span class='ocrx_word' id='word_1_217' title='bbox 518 2912 563 2963; x_wconf 86' lang='grc'><strong><em>24.</em></strong></span> <span class='ocrx_word' id='word_1_218' title='bbox 583 2911 607 2962; x_wconf 86' lang='grc'><strong><em>5.</em></strong></span> <span class='ocrx_word' id='word_1_219' title='bbox 883 2903 986 2973; x_wconf 77' lang='lat' dir='ltr'>Ampet.</span> <span class='ocrx_word' id='word_1_220' title='bbox 1010 2905 1137 2960; x_wconf 92' lang='lat' dir='ltr'><strong>XXVII</strong></span> <span class='ocrx_word' id='word_1_221' title='bbox 1156 2909 1181 2959; x_wconf 89' lang='grc'><strong><em>4.</em></strong></span> 
     </span>
     <span class='ocr_line' id='line_1_29' title="bbox 184 2989 1319 3065; baseline 0.013 -18"><span class='ocrx_word' id='word_1_222' title='bbox 184 3010 243 3047; x_wconf 91' lang='lat' dir='ltr'>curn</span> <span class='ocrx_word' id='word_1_223' title='bbox 262 2994 385 3048; x_wconf 88' lang='lat' dir='ltr'>addictos</span> <span class='ocrx_word' id='word_1_224' title='bbox 397 2997 508 3063; x_wconf 88' lang='lat' dir='ltr'>propria</span> <span class='ocrx_word' id='word_1_225' title='bbox 520 2999 635 3065; x_wconf 89' lang='lat' dir='ltr'>pecunia</span> <span class='ocrx_word' id='word_1_226' title='bbox 648 2998 713 3054; x_wconf 89' lang='lat' dir='ltr'>libe·</span> <span class='ocrx_word' id='word_1_227' title='bbox 786 2989 907 3044; x_wconf 66' lang='lat' dir='ltr'>Manlius</span> <span class='ocrx_word' id='word_1_228' title='bbox 927 2993 1104 3061; x_wconf 63' lang='lat' dir='ltr'>Capimliffllss</span> <span class='ocrx_word' id='word_1_229' title='bbox 1125 3010 1185 3046; x_wconf 71' lang='lat' dir='ltr'>⁰1¹1ss</span> <span class='ocrx_word' id='word_1_230' title='bbox 1204 2997 1319 3062; x_wconf 61' lang='lat' dir='ltr'>pecunia</span> 
     </span>
     <span class='ocr_line' id='line_1_30' title="bbox 147 3079 1317 3155; baseline 0.007 -24"><span class='ocrx_word' id='word_1_231' title='bbox 147 3088 220 3136; x_wconf 77' lang='lat' dir='ltr'>roret</span> <span class='ocrx_word' id='word_1_232' title='bbox 238 3084 314 3151; x_wconf 81' lang='lat' dir='ltr'>regni</span> <span class='ocrx_word' id='word_1_233' title='bbox 333 3084 454 3139; x_wconf 75' lang='lat' dir='ltr'>afi&#39;ectati</span> <span class='ocrx_word' id='word_1_234' title='bbox 472 3087 623 3155; x_wconf 63' lang='lat' dir='ltr'>suspioiffle</span> <span class='ocrx_word' id='word_1_235' title='bbox 642 3120 677 3127; x_wconf 80' lang='grc'><strong><em>-.</em></strong></span> <span class='ocrx_word' id='word_1_236' title='bbox 752 3079 901 3146; x_wconf 80' lang='lat' dir='ltr'>complures</span> <span class='ocrx_word' id='word_1_237' title='bbox 912 3081 1050 3136; x_wconf 90' lang='lat' dir='ltr'>debitores</span> <span class='ocrx_word' id='word_1_238' title='bbox 1060 3083 1199 3151; x_wconf 88' lang='lat' dir='ltr'>liberaret,</span> <span class='ocrx_word' id='word_1_239' title='bbox 1209 3101 1317 3153; x_wconf 89' lang='lat' dir='ltr'>suspec-</span> 
     </span>
     <span class='ocr_line' id='line_1_31' title="bbox 299 3169 1082 3237; baseline 0.01 -21"><span class='ocrx_word' id='word_1_240' title='bbox 299 3173 303 3178; x_wconf 85' lang='lat'>&#39;</span> <span class='ocrx_word' id='word_1_241' title='bbox 749 3175 794 3222; x_wconf 87' lang='lat' dir='ltr'>tus</span> <span class='ocrx_word' id='word_1_242' title='bbox 812 3171 891 3237; x_wconf 84' lang='lat' dir='ltr'>regni</span> <span class='ocrx_word' id='word_1_243' title='bbox 908 3169 1029 3226; x_wconf 86' lang='lat' dir='ltr'>affectati</span> <span class='ocrx_word' id='word_1_244' title='bbox 1048 3203 1082 3211; x_wconf 90' lang='lat'>-—</span> 
     </span>
    </p>
   </div>
   <div class='ocr_carea' id='block_1_10' title="bbox 224 3279 1192 3356">
    <p class='ocr_par' dir='ltr' id='par_1_11' title="bbox 224 3279 1192 3356">
     <span class='ocr_line' id='line_1_32' title="bbox 224 3279 1192 3356; baseline 0.006 -23"><span class='ocrx_word' id='word_1_245' title='bbox 224 3288 293 3336; x_wconf 83' lang='lat' dir='ltr'>auct.</span> <span class='ocrx_word' id='word_1_246' title='bbox 312 3283 345 3337; x_wconf 85' lang='lat' dir='ltr'>de</span> <span class='ocrx_word' id='word_1_247' title='bbox 362 3284 412 3338; x_wconf 75' lang='lat' dir='ltr'>oio.</span> <span class='ocrx_word' id='word_1_248' title='bbox 430 3285 468 3339; x_wconf 82' lang='lat' dir='ltr'>ot</span> <span class='ocrx_word' id='word_1_249' title='bbox 488 3287 530 3339; x_wconf 81' lang='lat'>35.</span> <span class='ocrx_word' id='word_1_250' title='bbox 552 3291 568 3339; x_wconf 85' lang='lat'><strong><em>6</em></strong></span> <span class='ocrx_word' id='word_1_251' title='bbox 587 3302 640 3356; x_wconf 74' lang='lat' dir='ltr'>sqq.</span> <span class='ocrx_word' id='word_1_252' title='bbox 812 3297 813 3300; x_wconf 74' lang='grc'>’</span> <span class='ocrx_word' id='word_1_253' title='bbox 879 3279 982 3349; x_wconf 70' lang='lat' dir='ltr'>Ampel·</span> <span class='ocrx_word' id='word_1_254' title='bbox 1003 3281 1064 3335; x_wconf 89' lang='lat' dir='ltr'>XX</span> <span class='ocrx_word' id='word_1_255' title='bbox 1071 3283 1148 3338; x_wconf 87' lang='lat' dir='ltr'><strong>VIII.</strong></span> <span class='ocrx_word' id='word_1_256' title='bbox 1168 3286 1192 3334; x_wconf 89' lang='grc'><strong><em>3.</em></strong></span> 
     </span>
    </p>
   </div>
   <div class='ocr_carea' id='block_1_11' title="bbox 145 3388 1316 3725">
    <p class='ocr_par' dir='ltr' id='par_1_12' title="bbox 145 3388 1316 3725">
     <span class='ocr_line' id='line_1_33' title="bbox 254 3388 1156 3456; baseline 0 -14"><span class='ocrx_word' id='word_1_257' title='bbox 254 3392 324 3442; x_wconf 82' lang='lat' dir='ltr'>aa&#39;ct.</span> <span class='ocrx_word' id='word_1_258' title='bbox 344 3390 375 3444; x_wconf 86' lang='lat' dir='ltr'>de</span> <span class='ocrx_word' id='word_1_259' title='bbox 393 3391 441 3445; x_wconf 84' lang='lat' dir='ltr'>etr.</span> <span class='ocrx_word' id='word_1_260' title='bbox 460 3392 498 3445; x_wconf 78' lang='lat' dir='ltr'>ill.</span> <span class='ocrx_word' id='word_1_261' title='bbox 518 3396 561 3446; x_wconf 80' lang='lat'>67.</span> <span class='ocrx_word' id='word_1_262' title='bbox 581 3399 606 3446; x_wconf 90' lang='grc'><strong><em>4.</em></strong></span> <span class='ocrx_word' id='word_1_263' title='bbox 649 3446 651 3451; x_wconf 81' lang='grc'>,</span> <span class='ocrx_word' id='word_1_264' title='bbox 907 3388 1009 3456; x_wconf 81' lang='lat' dir='ltr'>Ampel.</span> <span class='ocrx_word' id='word_1_265' title='bbox 1023 3389 1117 3444; x_wconf 88' lang='lat' dir='ltr'><strong>XLII</strong></span> <span class='ocrx_word' id='word_1_266' title='bbox 1134 3395 1156 3444; x_wconf 87' lang='lat'>1.</span> 
     </span>
     <span class='ocr_line' id='line_1_34' title="bbox 181 3471 1312 3552; baseline 0.017 -24"><span class='ocrx_word' id='word_1_267' title='bbox 181 3476 219 3529; x_wconf 87' lang='lat' dir='ltr'>Et</span> <span class='ocrx_word' id='word_1_268' title='bbox 238 3492 297 3529; x_wconf 91' lang='lat' dir='ltr'>oum</span> <span class='ocrx_word' id='word_1_269' title='bbox 316 3477 436 3547; x_wconf 86' lang='lat' dir='ltr'>Sulpicia</span> <span class='ocrx_word' id='word_1_270' title='bbox 455 3483 594 3548; x_wconf 84' lang='lat' dir='ltr'>rogatione</span> <span class='ocrx_word' id='word_1_271' title='bbox 607 3489 711 3552; x_wconf 81' lang='lat' dir='ltr'>provin·</span> <span class='ocrx_word' id='word_1_272' title='bbox 783 3500 818 3508; x_wconf 84' lang='grc'>··</span> <span class='ocrx_word' id='word_1_273' title='bbox 837 3471 973 3528; x_wconf 51' lang='lat' dir='ltr'>demetam</span> <span class='ocrx_word' id='word_1_274' title='bbox 992 3473 1085 3531; x_wconf 63' lang='lat' dir='ltr'>sifilae</span> <span class='ocrx_word' id='word_1_275' title='bbox 1098 3477 1239 3532; x_wconf 63' lang='lat' dir='ltr'><strong>P⁰1¹VC³111</strong></span> <span class='ocrx_word' id='word_1_276' title='bbox 1252 3496 1312 3547; x_wconf 72' lang='grc' dir='ltr'>1)Υο-</span> 
     </span>
     <span class='ocr_line' id='line_1_35' title="bbox 147 3560 1316 3636; baseline 0.017 -20"><span class='ocrx_word' id='word_1_277' title='bbox 147 3564 216 3617; x_wconf 89' lang='lat' dir='ltr'>ciam</span> <span class='ocrx_word' id='word_1_278' title='bbox 240 3565 333 3620; x_wconf 85' lang='lat' dir='ltr'>Sullae</span> <span class='ocrx_word' id='word_1_279' title='bbox 357 3568 483 3636; x_wconf 85' lang='lat' dir='ltr'>eriperet,</span> <span class='ocrx_word' id='word_1_280' title='bbox 509 3601 541 3609; x_wconf 81' lang='lat'>-</span> <span class='ocrx_word' id='word_1_281' title='bbox 566 3573 712 3630; x_wconf 90' lang='lat' dir='ltr'>Minturnis</span> <span class='ocrx_word' id='word_1_282' title='bbox 748 3560 862 3615; x_wconf 64' lang='lat' dir='ltr'>limiam</span> <span class='ocrx_word' id='word_1_283' title='bbox 885 3563 970 3616; x_wconf 70' lang='lat' dir='ltr'>V⁰luil</span> <span class='ocrx_word' id='word_1_284' title='bbox 994 3567 1100 3633; x_wconf 68' lang='grc' dir='ltr'><strong>θΓῘΡθΓθ</strong></span> <span class='ocrx_word' id='word_1_285' title='bbox 1127 3583 1175 3634; x_wconf 75' lang='lat' dir='ltr'>Pffl&#39;</span> <span class='ocrx_word' id='word_1_286' title='bbox 1198 3570 1316 3636; x_wconf 60' lang='grc' dir='ltr'>ῐθὲἃῑῑθ·</span> 
     </span>
     <span class='ocr_line' id='line_1_36' title="bbox 145 3647 1315 3725; baseline 0.014 -18"><span class='ocrx_word' id='word_1_287' title='bbox 145 3654 174 3707; x_wconf 93' lang='lat' dir='ltr'>in</span> <span class='ocrx_word' id='word_1_288' title='bbox 192 3655 292 3720; x_wconf 86' lang='lat' dir='ltr'>palude</span> <span class='ocrx_word' id='word_1_289' title='bbox 309 3656 398 3710; x_wconf 90' lang='lat' dir='ltr'>latuit.</span> <span class='ocrx_word' id='word_1_290' title='bbox 417 3659 545 3716; x_wconf 87' lang='lat' dir='ltr'>Inventus</span> <span class='ocrx_word' id='word_1_291' title='bbox 564 3670 591 3717; x_wconf 92' lang='lat' dir='ltr'>et</span> <span class='ocrx_word' id='word_1_292' title='bbox 610 3664 637 3716; x_wconf 92' lang='lat' dir='ltr'>in</span> <span class='ocrx_word' id='word_1_293' title='bbox 656 3681 712 3725; x_wconf 86' lang='lat' dir='ltr'>car·</span> <span class='ocrx_word' id='word_1_294' title='bbox 748 3664 808 3702; x_wconf 61' lang='lat' dir='ltr'>nem</span> <span class='ocrx_word' id='word_1_295' title='bbox 828 3647 932 3718; x_wconf 60' lang='lat' dir='ltr'>Sllllfissi</span> <span class='ocrx_word' id='word_1_296' title='bbox 951 3654 1054 3708; x_wconf 59' lang='lat' dir='ltr'>tribuni</span> <span class='ocrx_word' id='word_1_297' title='bbox 1077 3655 1172 3724; x_wconf 68' lang='lat' dir='ltr'>Plebis·</span> <span class='ocrx_word' id='word_1_298' title='bbox 1192 3688 1227 3696; x_wconf 80' lang='grc'><strong>-</strong></span> <span class='ocrx_word' id='word_1_299' title='bbox 1245 3660 1315 3712; x_wconf 74' lang='lat' dir='ltr'>Min·</span> 
     </span>
    </p>
   </div>
   <div class='ocr_carea' id='block_1_12' title="bbox 146 3738 1316 3886">
    <p class='ocr_par' dir='ltr' id='par_1_13' title="bbox 146 3738 1316 3886">
     <span class='ocr_line' id='line_1_37' title="bbox 146 3738 1316 3816; baseline 0.012 -27"><span class='ocrx_word' id='word_1_300' title='bbox 146 3758 235 3797; x_wconf 72' lang='lat' dir='ltr'>cerem</span> <span class='ocrx_word' id='word_1_301' title='bbox 253 3747 389 3815; x_wconf 56' lang='lat' dir='ltr'>conjectus</span> <span class='ocrx_word' id='word_1_302' title='bbox 408 3777 442 3786; x_wconf 83' lang='lat'><em>-</em></span> <span class='ocrx_word' id='word_1_303' title='bbox 748 3738 836 3792; x_wconf 87' lang='lat' dir='ltr'>turnis</span> <span class='ocrx_word' id='word_1_304' title='bbox 873 3740 900 3793; x_wconf 90' lang='lat' dir='ltr'>iu</span> <span class='ocrx_word' id='word_1_305' title='bbox 936 3742 1036 3808; x_wconf 90' lang='lat' dir='ltr'>palude</span> <span class='ocrx_word' id='word_1_306' title='bbox 1072 3744 1215 3816; x_wconf 84' lang='lat' dir='ltr'>latuisset,</span> <span class='ocrx_word' id='word_1_307' title='bbox 1257 3753 1316 3803; x_wconf 91' lang='lat' dir='ltr'>tum</span> 
     </span>
     <span class='ocr_line' id='line_1_38' title="bbox 749 3827 1138 3886; baseline 0.018 -7"><span class='ocrx_word' id='word_1_308' title='bbox 749 3827 884 3881; x_wconf 87' lang='lat' dir='ltr'>coniectus</span> <span class='ocrx_word' id='word_1_309' title='bbox 903 3829 931 3882; x_wconf 93' lang='lat' dir='ltr'>in</span> <span class='ocrx_word' id='word_1_310' title='bbox 950 3839 1085 3886; x_wconf 89' lang='lat' dir='ltr'>carcerem</span> <span class='ocrx_word' id='word_1_311' title='bbox 1103 3864 1138 3872; x_wconf 89' lang='lat'><strong>—</strong></span> 
     </span>
    </p>
   </div>
   <div class='ocr_carea' id='block_1_13' title="bbox 144 3925 1315 4189">
    <p class='ocr_par' dir='ltr' id='par_1_14' title="bbox 144 3925 1315 4189">
     <span class='ocr_line' id='line_1_39' title="bbox 251 3925 1172 4006; baseline 0.021 -30"><span class='ocrx_word' id='word_1_312' title='bbox 251 3929 322 3978; x_wconf 81' lang='lat' dir='ltr'>auct.</span> <span class='ocrx_word' id='word_1_313' title='bbox 341 3925 373 3979; x_wconf 81' lang='lat' dir='ltr'>dc</span> <span class='ocrx_word' id='word_1_314' title='bbox 392 3927 441 3981; x_wconf 82' lang='lat' dir='ltr'>etr.</span> <span class='ocrx_word' id='word_1_315' title='bbox 459 3929 496 3984; x_wconf 80' lang='lat' dir='ltr'>cll.</span> <span class='ocrx_word' id='word_1_316' title='bbox 517 3933 560 3984; x_wconf 82' lang='lat'>77.</span> <span class='ocrx_word' id='word_1_317' title='bbox 580 3934 605 3985; x_wconf 82' lang='lat'>7.</span> <span class='ocrx_word' id='word_1_318' title='bbox 880 3937 984 4006; x_wconf 81' lang='lat' dir='ltr'>Ampel.</span> <span class='ocrx_word' id='word_1_319' title='bbox 1004 3939 1129 3995; x_wconf 87' lang='lat' dir='ltr'><strong>XLVII.</strong></span> <span class='ocrx_word' id='word_1_320' title='bbox 1148 3945 1172 3995; x_wconf 83' lang='lat'>5.</span> 
     </span>
     <span class='ocr_line' id='line_1_40' title="bbox 179 4011 1315 4088; baseline 0.019 -25"><span class='ocrx_word' id='word_1_321' title='bbox 179 4011 285 4065; x_wconf 91' lang='lat' dir='ltr'>Primus</span> <span class='ocrx_word' id='word_1_322' title='bbox 304 4013 333 4065; x_wconf 91' lang='lat' dir='ltr'>in</span> <span class='ocrx_word' id='word_1_323' title='bbox 351 4014 518 4087; x_wconf 82' lang='lat' dir='ltr'>Hyrcanum,</span> <span class='ocrx_word' id='word_1_324' title='bbox 543 4020 665 4075; x_wconf 89' lang='lat' dir='ltr'>Rubrum</span> <span class='ocrx_word' id='word_1_325' title='bbox 684 4030 711 4077; x_wconf 87' lang='lat' dir='ltr'>et</span> <span class='ocrx_word' id='word_1_326' title='bbox 784 4023 840 4078; x_wconf 88' lang='lat' dir='ltr'>Sub</span> <span class='ocrx_word' id='word_1_327' title='bbox 859 4025 911 4079; x_wconf 89' lang='lat' dir='ltr'>hoc</span> <span class='ocrx_word' id='word_1_328' title='bbox 941 4028 1011 4082; x_wconf 89' lang='lat' dir='ltr'>enim</span> <span class='ocrx_word' id='word_1_329' title='bbox 1037 4029 1105 4083; x_wconf 92' lang='lat' dir='ltr'>duce</span> <span class='ocrx_word' id='word_1_330' title='bbox 1133 4030 1169 4084; x_wconf 89' lang='lat' dir='ltr'>ad</span> <span class='ocrx_word' id='word_1_331' title='bbox 1193 4031 1315 4088; x_wconf 91' lang='lat' dir='ltr'>Indicum</span> 
     </span>
     <span class='ocr_line' id='line_1_41' title="bbox 144 4101 1314 4189; baseline 0.02 -37"><span class='ocrx_word' id='word_1_332' title='bbox 144 4101 290 4155; x_wconf 86' lang='lat' dir='ltr'>Arabicum</span> <span class='ocrx_word' id='word_1_333' title='bbox 309 4118 383 4158; x_wconf 84' lang='lat' dir='ltr'>mare</span> <span class='ocrx_word' id='word_1_334' title='bbox 402 4122 486 4174; x_wconf 86' lang='lat' dir='ltr'>usque</span> <span class='ocrx_word' id='word_1_335' title='bbox 505 4110 635 4174; x_wconf 89' lang='lat' dir='ltr'>pervenit.</span> <span class='ocrx_word' id='word_1_336' title='bbox 748 4111 886 4167; x_wconf 87' lang='lat' dir='ltr'>Oceanum</span> <span class='ocrx_word' id='word_1_337' title='bbox 917 4121 944 4171; x_wconf 87' lang='lat' dir='ltr'>et</span> <span class='ocrx_word' id='word_1_338' title='bbox 975 4118 1086 4172; x_wconf 91' lang='lat' dir='ltr'>rubrum</span> <span class='ocrx_word' id='word_1_339' title='bbox 1121 4136 1196 4175; x_wconf 90' lang='lat' dir='ltr'>mare</span> <span class='ocrx_word' id='word_1_340' title='bbox 1229 4136 1314 4189; x_wconf 88' lang='lat' dir='ltr'>usque</span> 
     </span>
    </p>
   </div>
   <div class='ocr_carea' id='block_1_14' title="bbox 248 4203 1177 4362">
    <p class='ocr_par' dir='ltr' id='par_1_15' title="bbox 248 4203 1177 4362">
     <span class='ocr_line' id='line_1_42' title="bbox 248 4203 875 4266; baseline 0.013 -17"><span class='ocrx_word' id='word_1_341' title='bbox 248 4228 252 4234; x_wconf 93' lang='lat'><em>-</em></span> <span class='ocrx_word' id='word_1_342' title='bbox 746 4203 875 4266; x_wconf 86' lang='lat' dir='ltr'>pervenit.</span> 
     </span>
     <span class='ocr_line' id='line_1_43' title="bbox 251 4285 1177 4362; baseline 0.016 -25"><span class='ocrx_word' id='word_1_343' title='bbox 251 4289 319 4338; x_wconf 80' lang='lat' dir='ltr'>auct.</span> <span class='ocrx_word' id='word_1_344' title='bbox 338 4285 371 4338; x_wconf 82' lang='lat' dir='ltr'>de</span> <span class='ocrx_word' id='word_1_345' title='bbox 389 4288 439 4340; x_wconf 78' lang='lat' dir='ltr'>uir.</span> <span class='ocrx_word' id='word_1_346' title='bbox 457 4288 496 4342; x_wconf 76' lang='lat' dir='ltr'>ill.</span> <span class='ocrx_word' id='word_1_347' title='bbox 516 4292 558 4346; x_wconf 83' lang='lat'>79.</span> <span class='ocrx_word' id='word_1_348' title='bbox 578 4293 602 4344; x_wconf 87' lang='lat'>6.</span> <span class='ocrx_word' id='word_1_349' title='bbox 887 4293 988 4362; x_wconf 73' lang='lat' dir='ltr'>Ampor.</span> <span class='ocrx_word' id='word_1_350' title='bbox 1009 4297 1134 4352; x_wconf 82' lang='lat' dir='ltr'><strong>XLVII</strong></span> <span class='ocrx_word' id='word_1_351' title='bbox 1154 4303 1177 4352; x_wconf 83' lang='lat'>7.</span> 
     </span>
    </p>
   </div>
   <div class='ocr_carea' id='block_1_15' title="bbox 0 0 1482 5136">
    <p class='ocr_par' dir='ltr' id='par_1_16' title="bbox 0 0 1482 5136">
     <span class='ocr_line' id='line_1_44' title="bbox 0 0 1482 5136; baseline 0 3"><span class='ocrx_word' id='word_1_352' title='bbox 0 0 1482 5136; x_wconf 95' lang='lat' dir='ltr'> </span> 
     </span>
    </p>
   </div>
  </div>
 </body>
</html>
