2954 5136
684 172 1004 273 ⁸418--

245 397 352 478 peium
382 399 441 462 sub
469 401 567 466 oculis
598 401 768 467 liberorum
797 424 925 467 suorum
953 402 1087 467 occisum
1116 413 1182 465 esse
1212 401 1310 483 (auct.
1335 398 1366 462 d.
1392 420 1420 461 v.
1458 408 1460 413 “

243 501 263 566 i.
288 504 328 567 77
352 541 396 550 -
420 504 502 573 lllor.
527 507 567 572 H.
593 509 644 587 13,
675 508 744 590 52),
778 508 822 575 Μ.
853 508 1045 586 Antonium,
1077 528 1140 572 non
1166 505 1202 573 L.
1227 505 1419 582 Antonium,

243 609 364 674 bellum
387 610 574 678 Perusinum
597 615 748 680 excitasse
772 615 967 699 eundemque
990 637 1099 698 pacem
1122 636 1192 698 cum
1217 613 1246 678 S.
1262 610 1421 694 Pompeio

243 715 362 781 factam
385 720 505 802 rupisse
528 719 625 804 (auct.
650 723 680 789 d.
705 745 733 787 v.
756 723 776 787 i.
801 724 852 801 84,
877 722 917 786 85
945 758 983 767 —
1009 721 1091 785 Flor.
1114 721 1155 787 Π.
1183 722 1234 804 161,
1257 716 1299 785 ΙΙ.
1330 715 1398 801 18).

332 866 478 951 Denique
495 869 680 956 Spengelius
704 873 842 937 ostendit
864 874 946 936 vitas
962 873 994 938 O.
1014 873 1125 937 Marcii
1140 869 1303 935 Coriolani
1328 873 1362 932 et
1386 867 1419 932 Ο.

244 971 356 1038 Licinii
372 973 511 1040 Stolonis
536 980 568 1041 et
589 977 624 1041 L.
649 977 791 1064 Virginii
814 980 853 1043 ab
878 983 1005 1044 auctore
1029 979 1066 1042 de
1089 979 1137 1043 vir
1164 977 1209 1042 ill.
1226 975 1420 1060 perturbato

244 1081 397 1163 temporis
414 1082 523 1148 ordine
539 1106 696 1150 connexas
713 1108 787 1165 esse,
804 1068 948 1150 similiter
964 1091 1060 1169 atque
1070 1084 1182 1150 Florus
1200 1084 1305 1167 capite
1322 1081 1421 1146 XVII

244 1189 357 1272 prioris
378 1187 453 1252 libri
476 1191 514 1254 de
535 1190 662 1255 illorum
685 1193 825 1256 virorum
849 1193 994 1278 deinceps
1022 1192 1227 1268 seditionibus
1258 1189 1419 1273 exposuit.

333 1320 421 1389 Haeo
444 1327 551 1388 autem
573 1321 655 1390 ratio
678 1325 761 1389 inter
784 1324 914 1390 Florum
937 1330 969 1389 et
992 1329 1153 1390 auctorem
1168 1329 1316 1389 nostrum
1332 1321 1421 1386 vide·

245 1433 299 1519 tur
320 1431 529 1496 intercedere:

334 1563 508 1628 Multorum
531 1564 669 1627 auctoris
691 1564 793 1629 nostri
816 1569 848 1629 et
864 1564 949 1628 Flori
963 1565 1130 1629 verborum
1152 1563 1326 1627 similitudo
1342 1562 1422 1627 hinc

246 1676 292 1736 est
315 1671 472 1756 profecta,
504 1671 585 1753 quod
616 1676 748 1754 uterque
777 1672 910 1755 scriptor
933 1671 1017 1734 Livii
1047 1670 1216 1736 annalibus
1235 1691 1333 1734 usus·
1353 1673 1442 1745 θεὶς.

177 1786 180 1791 ’
244 1773 357 1839 deinde
380 1777 507 1857 praeter
522 1773 647 1837 Livium
670 1774 808 1838 alterum
831 1796 1028 1839 communem
1050 1774 1174 1838 fontem
1189 1773 1237 1836 illi
1248 1773 1421 1865 'adierunt3

246 1881 381 1965 denique
403 1880 437 1943 in
461 1880 556 1944 dubio
578 1880 777 1964 relinquitur,
801 1885 908 1945 utrum
932 1903 970 1944 ex
993 1880 1087 1968 Floro
1112 1902 1152 1945 an
1175 1903 1214 1944 ex
1236 1880 1285 1944 his
1317 1880 1420 1945 fonti·

248 1986 303 2051 bus
328 1987 391 2050 alia
415 1986 555 2051 auctoris
579 1987 677 2051 nostri
706 1988 812 2071 capita
838 1987 997 2052 fluxerint.
1045 1987 1171 2052 Livium
1197 1987 1296 2072 igitur
1320 1987 1420 2052 Floro

245 2115 303 2178 pro
326 2093 493 2178 praecipuo
509 2093 597 2159 fonte
620 2093 727 2172 fuisse,
751 2095 835 2158 unde
850 2094 1001 2173 hauriret,
1018 2091 1203 2178 Spengelius
1223 2097 1256 2158 et
1270 2092 1421 2178 Heynius

246 2199 297 2283 (de
313 2198 409 2264 Floro
433 2200 582 2265 historico
597 2200 728 2266 Bonnae
753 2202 838 2265 1866
862 2224 892 2285 p.
917 2201 951 2285 6)
975 2204 1008 2265 et
1022 2200 1209 2265 Koehlerius
1225 2201 1428 2285 docuerunt3⁴

246 2310 405 2371 auctorem
421 2306 458 2371 de
468 2308 524 2371 vir.
536 2307 579 2371 ill.
593 2311 701 2373 autem
717 2308 797 2374 Livii
806 2308 895 2373 libris
907 2331 1000 2372 usum
1012 2330 1078 2372 esse
1091 2328 1147 2372 nos
1162 2329 1257 2391 supra
1272 2329 1420 2393 compro-

245 2414 414 2496 bavimus..
445 2413 527 2489 Quid
550 2415 665 2478 mirum
687 2415 801 2499 igitur,
825 2414 852 2477 si
876 2414 984 2478 multis
1011 2415 1087 2478 locis
1110 2413 1197 2478 Flori
1220 2417 1252 2479 et
1279 2413 1421 2483 auctoris

130 2542 134 2557 ·’
222 2598 225 2603 Ι
245 2521 345 2585 nostri
367 2520 462 2585 verba
485 2521 581 2604 plane
605 2520 802 2601 concinunt?
837 2520 890 2585 Ita
904 2520 1236 2603 bellumVolsiniense
1252 2519 1420 2584 Valerium

245 2616 422 2693 Maximum
444 2631 476 2690 et
499 2625 645 2691 Orosium
669 2631 700 2690 et
724 2626 854 2691 Florum
883 2629 916 2690 et
938 2630 1098 2690 auctorem
1127 2631 1272 2691 nostrum
1303 2625 1421 2691 iisdem

244 2734 311 2799 fere
333 2733 436 2799 verbis
465 2735 612 2818 persequi
640 2733 794 2813 vidimus,
826 2733 944 2818 quippe
967 2733 1023 2817 qui
1046 2754 1153 2797 omues
1177 2755 1214 2796 ex
1238 2730 1329 2795 Livio
1360 2754 1421 2796 sua

84 2858 88 2863 ’
178 2923 181 2929 ¹
245 2841 417 2907 hauserint.
442 2839 491 2904 Ex
506 2839 614 2904 eodem
630 2843 662 2903 et
677 2839 764 2919 haec,
782 2861 863 2924 quac
879 2838 992 2903 Florus
1004 2842 1036 2902 et
1060 2843 1169 2903 auctor
1191 2839 1229 2902 de
1244 2838 1301 2901 vir.
1316 2839 1361 2902 ill.
1379 2839 1421 2903 de

183 2998 186 3005 .
244 2950 338 3014 rebus
360 2970 379 3011 a
402 2945 436 3011 b.
460 2945 568 3011 Duilio
592 2947 720 3033 consule
743 2946 839 3031 gestis
862 2947 1064 3025 rettulerunt,
1088 2945 1215 3010 fluxisse
1238 2945 1441 3028 proximum

245 3076 319 3120 vero
343 3060 407 3118 est:
630 3063 633 3070 '
1423 3054 1429 3063 '

375 3227 446 3276 caet.
464 3221 496 3276 dc
513 3222 563 3275 uir.
582 3221 615 3276 tu
641 3224 685 3274 38.
918 3243 921 3247 ·
1042 3218 1124 3272 Flcr.
1143 3218 1166 3271 I.
1186 3220 1227 3270 18.

282 3311 310 3366 C.
323 3311 431 3365 Duilius
450 3310 536 3378 primo
549 3309 651 3363 Punico
669 3308 742 3364 bello
761 3308 814 3362 dux
884 3307 976 3361 Duilio
984 3307 1162 3376 Cornelioque
1173 3300 1327 3360 consulibus
1336 3305 1420 3360 etiam

245 3405 340 3454 contra
365 3399 604 3467 Carthaginienses
628 3398 726 3451 missus
754 3412 814 3450 curn
849 3395 916 3450 mari
936 3396 1062 3464 congredi
1072 3411 1154 3450 ausus
1164 3401 1220 3458 est;
1239 3401 1297 3448 tum
1312 3395 1419 3461 quidem

245 3488 350 3544 rideret
369 3504 414 3543 eos
433 3487 543 3541 multum
561 3487 630 3541 mari
643 3478 731 3556 posse,
746 3487 814 3542 clas·
848 3487 908 3553 ipsa
926 3485 1055 3539 velocitas
1074 3483 1168 3538 classis
1187 3491 1361 3552 comparatae
1380 3485 1419 3536 vi-

246 3593 302 3632 sam
320 3577 407 3646 magis
430 3576 561 3646 validam,
588 3575 813 3642 quam'decoram
848 3575 951 3629 ctoriae
976 3573 1124 3642 auspicium
1151 3572 1211 3626 fuit.
1248 3573 1323 3625 Intra
1347 3572 1420 3626 enim

243 3666 402 3732 fabricarit3
436 3671 464 3720 et
493 3679 588 3720 manus
618 3663 723 3718 ferreas
754 3680 814 3717 oum
848 3663 898 3716 LX
921 3663 1004 3726 diem,
1028 3678 1109 3729 quam
1132 3676 1212 3716 cassa
1231 3662 1302 3715 silva
1319 3659 1419 3727 fuerat,

159 3770 163 3791 ’
245 3755 326 3809 irrisu
353 3755 471 3810 hostium
506 3756 609 3822 primus
636 3752 755 3806 instituit
780 3783 808 3792 -
849 3753 919 3806 ch
937 3752 1045 3807 navium
1064 3752 1158 3805 classis
1176 3751 1204 3804 in
1230 3750 1335 3804 ancoris
1363 3756 1419 3804 stc-
1443 3741 1446 3746 ’

246 3844 340 3898 Duilio
360 3859 515 3900 concessum
528 3847 578 3910 est,
597 3847 628 3895 ut
640 3841 813 3911 praelucente
848 3841 890 3907 tit,
910 3847 940 3895 ut
958 3857 1012 3894 non
1030 3847 1091 3895 arte
1104 3828 1212 3908 tactae,
1235 3840 1283 3895 scd
1301 3838 1419 3907 quodam

209 3949 214 3958 ·
246 3932 332 3988 funali
351 3940 379 3987 et
397 3933 570 4001 praecinente
594 3931 706 3986 tibicine
725 3946 813 3986 acoe-
849 3946 960 3986 munere
978 3930 1087 3986 deorum
1112 3922 1259 3986 conversae
1284 3933 1313 3982 in
1325 3934 1420 3982 'nares

245 4037 282 4076 na
299 4023 406 4091 publice
423 4022 534 4078 rediret.
810 4044 817 4052 -
850 4025 931 4087 atque
950 4025 1069 4074 mutatae
1088 4019 1242 4074 riderentur
1256 4048 1289 4057 -·
1301 4018 1421 4072 iniectae

850 4109 919 4165 enim
949 4107 1055 4163 ferreae
1093 4114 1187 4162 manus
1223 4106 1419 4173 machinaeque

849 4197 957 4253 validae
986 4204 1050 4255 aute
1078 4202 1214 4252 certamen
1238 4196 1352 4250 multum
1383 4197 1420 4251 ab

849 4286 928 4342 hoste
953 4286 1059 4343 derisas
1083 4285 1248 4347 -Duilius
1273 4285 1420 4355 imperator
