2954 5136
618 251 947 314 „38...

1 496 3 505 ·
145 450 328 513 mutuatum
356 468 434 527 esse,
465 447 658 531 comparatis
682 446 731 510 his
756 445 832 510 locis
856 445 922 509 eius
945 467 1017 509 oum
1039 449 1168 510 auctore
1197 444 1236 510 de
1260 445 1323 510 vir.

146 555 191 620 ill.
215 559 248 619 et
270 577 342 620 oum
364 552 509 639 Ampelio
532 553 708 638 apparebit.

306 696 433 749 Frontis.
453 695 476 748 I.
495 674 518 747 1}
536 698 559 748 1.
884 697 953 746 caet.
972 692 1004 747 de
1021 693 1068 747 oa'r.
1087 693 1127 746 ill.
1145 695 1188 747 47.

184 786 251 838 Cato
262 783 382 838 devictas
401 784 436 838 ab
448 799 478 838 se
496 783 644 852 Hispaniae
657 783 719 860 civi-
788 780 888 837 Consul
901 780 1051 836 Celtiberos
1070 781 1174 836 domuit
1192 788 1221 836 et
1232 796 1269 835 ne
1282 795 1325 834 re·

148 879 218 927 tates
238 872 413 940 existimabat
429 872 468 925 'in
487 878 609 941 tempore
634 872 720 927 rebel·
752 870 854 925 bellare
872 873 999 938 possent,
1018 870 1127 926 litteras
1145 869 1327 941 adcivitates

147 962 255 1016 laturas
282 959 381 1015 fiducia
414 976 559 1015 murorum.
607 960 721 1029 Scripsit
752 960 873 1028 singulas
891 960 977 1027 misit,
1001 967 1032 1014 ut
1056 976 1145 1015 muros
1173 959 1327 1014 diruerent.

149 1051 241 1119 itaque
269 1049 397 1120 singulis,
425 1056 456 1104 ut
480 1050 618 1105 diruerent
635 1049 720 1104 muni·
754 1050 819 1105 Cum
843 1063 1021 1116 unaquaeque
1044 1049 1096 1104 sibi
1117 1044 1167 1104 soli
1191 1049 1328 1118 imperari

150 1144 242 1195 menta
254 1138 491 1207 minatusbeilum,
510 1139 562 1193 nisi
582 1136 721 1194 confestim
753 1144 872 1207 putaret,
889 1138 1019 1194 fecerunt.

151 1230 383 1298 obtemperassent
409 1258 443 1267 —
471 1243 648 1297 unaquaeque
677 1244 735 1281 urv
933 1215 935 1218 ’

151 1318 225 1372 bium
244 1317 294 1372 sibi
313 1316 365 1371 soli
385 1315 501 1371 eredidit
518 1317 686 1385 imperatum.
761 1367 763 1374 ,

287 1424 415 1478 Froatia.
435 1424 485 1478 IV.
505 1428 529 1478 1.
548 1429 589 1478 13.
881 1431 952 1479 aaut.
972 1424 1005 1479 dc
1023 1425 1075 1479 atr.
1094 1425 1134 1479 ill.
1153 1429 1198 1479 72.

189 1513 225 1566 M.
245 1511 478 1581 Scaurusfihum,
503 1513 575 1580 quod
599 1513 625 1568 in
651 1514 724 1568 saltu
790 1512 862 1567 idem
879 1512 966 1568 filium
979 1529 1063 1580 suum,
1083 1513 1147 1581 quia
1159 1512 1331 1588 praesidium

153 1601 311 1671 Tridentino
331 1603 390 1661 loco
410 1601 534 1656 hostibus
548 1608 677 1671 cesserat,
696 1603 724 1655 in
756 1602 923 1669 deseruerat,
942 1603 970 1656 in
989 1609 1162 1672 conspectum
1185 1619 1265 1657 suum
1285 1620 1332 1658 ve-

45 1690 49 1705 ’
153 1676 327 1759 conspectum
346 1706 423 1744 suum
436 1689 527 1745 venire
540 1691 636 1745 vetuit.
653 1690 724 1744 Ado·
756 1692 825 1746 tavit
843 1692 986 1758 accedere3
1013 1693 1060 1747 ille
1084 1694 1117 1747 ob
1141 1692 1191 1747 hoc
1209 1691 1333 1748 dedecus

153 1781 259 1836 lescens
284 1779 446 1834 verecundia
468 1779 630 1847 ignominiae
651 1796 726 1848 pres·
756 1787 868 1837 mortem
887 1781 939 1835 sibi
957 1783 1094 1837 conscivit.
1161 1764 1172 1783 ⁰

100 1900 104 1907 ·
154 1885 200 1924 sus
218 1875 332 1924 mortem
350 1869 402 1924 sibi
419 1869 556 1923 conscivit.
987 1884 991 1893 ·

287 1978 415 2032 Frontis.
435 1977 488 2030 IV.
506 1981 532 2030 1.
551 1981 597 2030 23.
786 1989 788 1994 ·
847 1997 848 2000 ’
891 1978 994 2047 Ampel.
1014 1979 1132 2032 XVIII.
1150 1982 1194 2030 14.

190 2069 222 2120 A.
252 2065 382 2120 Metellus
405 2064 597 2120 Macedonicus
624 2063 652 2117 in
679 2064 727 2118 Hi·
794 2066 999 2134 Macedonicus,
1028 2067 1074 2134 qui
1099 2065 1276 2120 Contrebiam
1298 2097 1334 2106 -
1403 2144 1407 2149 ι

155 2155 285 2224 spaniaV
304 2154 438 2220 cohortes,
453 2168 523 2220 quae
537 2153 661 2208 hostibus
671 2169 726 2209 ces·
758 2155 1006 2210 iussistestamenta
1017 2155 1135 2210 scribere
1147 2161 1175 2207 et
1186 2155 1281 2210 vetitis
1289 2173 1334 2211 re·

75 2285 77 2295 .
156 2247 260 2310 serant,
288 2248 486 2313 testamentum
526 2241 616 2297 facere
639 2243 727 2297 iussas
759 2245 817 2300 dire
826 2246 878 2299 nisi
891 2243 1158 2298 vicissentmilitibus
1169 2245 1334 2312 occupavit,

157 2331 193 2387 ad
211 2333 300 2386 locum
318 2332 532 2399 recuperandum
548 2332 659 2400 remisit,
678 2334 727 2387 mi-
759 2340 830 2390 auct.
850 2335 882 2388 de
899 2335 949 2389 air.
962 2335 1001 2388 til.
1020 2336 1054 2387 61
1069 2332 1140 2401 apud
1154 2332 1332 2388 Contrebiam
1360 2392 1369 2413 1

156 2429 237 2475 natus
257 2437 310 2483 non
329 2421 382 2475 nisi
400 2426 462 2490 post
481 2421 622 2476 victoriam
634 2437 727 2491 recep·
759 2423 887 2493 oppidum
904 2423 1030 2478 cohortes
1047 2421 1107 2476 loco
1126 2421 1219 2489 pulsas
1237 2422 1333 2478 redire

156 2518 213 2566 tum
231 2510 273 2565 iri.
760 2520 788 2567 et
805 2512 895 2566 locum
913 2511 1033 2579 recipere
1051 2511 1139 2566 iussit.

293 2618 422 2674 Froatta.
440 2614 491 2673 IV.
508 2622 533 2682 3.
552 2621 595 2672 15.
887 2625 959 2676 auct.
978 2619 1011 2674 de
1028 2615 1084 2674 oia
1097 2619 1136 2673 ill.
1155 2622 1198 2673 60.

193 2713 224 2765 L.
243 2708 400 2776 Mummius,
425 2707 472 2775 qui
496 2706 626 2762 Corintho
648 2702 728 2778 capta
795 2709 939 2764 Mummius
963 2708 1121 2763 Corinthum
1143 2708 1227 2776 signis
1250 2709 1332 2764 tabu-

158 2816 212 2854 non
230 2798 339 2854 Italiam
358 2798 451 2865 solum,
470 2797 609 2857 sedetiam
621 2799 727 2866 provin-
760 2799 845 2867 lisque
870 2799 999 2869 spoliavit
1006 2798 1016 2864 ς’
1037 2798 1134 2867 quibus
1153 2814 1213 2852 oum
1227 2790 1333 2854 'totam

159 2889 214 2944 cias
223 2887 324 2944 tabulis
335 2886 485 2955 statuisque
497 2887 648 2955 exemerit,
661 2887 729 2944 adeo
759 2889 869 2943 Italiam
895 2889 1039 2957 replesset,
1064 2887 1093 2942 in
1120 2887 1227 2943 domum
1251 2904 1334 2944 suam

159 2966 231 3035 nihil
256 2992 290 3031 ex
319 2975 402 3030 tantis
429 2976 563 3032 manubiis
593 2976 622 3030 in
652 2992 729 3032 suum
759 2977 829 3039 nihil
848 2978 972 3034 contulit.

161 3068 302 3132 convertit,
315 3073 352 3120 'ut
372 3094 404 3103 -
753 3079 755 3082 ⁴

293 3173 422 3227 Frontis.
441 3173 490 3227 IV.
509 3175 534 3228 7.
553 3177 598 3228 30.
809 3218 813 3226 ,
892 3176 1013 3230 auot.·da
1030 3176 1080 3230 etr.
1098 3176 1137 3230 ili.
1156 3178 1199 3231 53.

292 3281 420 3336 Frontis.
439 3281 492 3334 IV.
511 3284 536 3335 7.
556 3284 599 3335 36.
891 3287 961 3336 auct.
980 3281 1013 3340 dc
1030 3283 1080 3338 etr.
1097 3283 1135 3337 itt.
1154 3285 1198 3336 43.

248 3388 330 3452 Cum
352 3384 545 3472 postremum
568 3388 734 3455 heresum
765 3410 804 3454 ex
832 3391 968 3454 auctoris
1002 3390 1040 3455 de
1070 3390 1129 3457 vir.
1159 3391 1204 3456 ill.
1241 3391 1335 3457 fonte
1378 3397 1382 3402 “

160 3497 263 3585 multa
275 3495 416 3560 hausisse
438 3499 547 3580 pateat
570 3497 639 3579 (cfr.
656 3496 745 3562 VIII.
768 3498 830 3561 597
855 3519 943 3582 sqq.;
968 3502 1050 3562 auct.
1075 3499 1104 3563 (1.
1129 3522 1158 3563 v.
1182 3499 1203 3562 i.
1230 3499 1270 3563 77
1287 3537 1333 3548 -

160 3603 199 3670 X.
219 3603 283 3667 524
296 3625 382 3687 sqq.;
407 3590 488 3667 auct.
507 3603 536 3666 (1.
554 3627 583 3668 v.
599 3604 620 3669 i.
640 3604 691 3684 78,
705 3605 742 3683 6;
766 3603 968 3682 Procilla,
983 3605 1026 3668 60
1043 3641 1085 3650 -·
1101 3604 1143 3669 ll.
1163 3606 1225 3670 580
1242 3627 1333 3689 sqq.;

160 3712 243 3775 auct.
268 3709 297 3774 (1.
321 3733 350 3774 r.
370 3711 394 3774 r'.
421 3711 471 3789 77,
498 3709 544 3798 b),
567 3710 726 3796 Nepotem
748 3711 797 3775 illi
811 3719 938 3796 praeter
954 3711 1110 3778 Velleium
1128 3711 1334 3778 Paterculum

96 3878 99 3886 .
161 3838 220 3901 pro
243 3817 395 3901 primario
418 3817 507 3884 fonte
529 3816 624 3883 fuisse
646 3818 815 3883 verisimile
839 3823 898 3884 est.
928 3808 932 3815 ’
981 3866 983 3869 ·

250 3924 298 3988 De
321 3924 418 3989 Plinii
440 3929 548 3990 autem
567 3920 728 4009 ‘capitibus
751 3948 789 3988 ex
813 3925 946 4011 Nepotis
969 3925 1057 3990 libris
1086 3927 1241 4010 excerptis
1271 3928 1336 3992 hoc

162 4032 231 4096 loco
254 4032 414 4116 disputare
446 4032 580 4117 longum
610 4036 675 4112 est,
705 4034 912 4115 quamobrem
942 4055 1010 4101 eam
1047 4034 1264 4117 quaestionem
1297 4032 1333 4098 in

163 4138 248 4203 aliud
272 4143 396 4223 tempus
420 4138 575 4204 reieimus.
